4726 5954
1194 409 1231 474 14

293 614 342 678 hic
358 637 422 680 uon
445 615 570 681 videtur
584 613 722 688 sensisse,
744 612 827 677 elisit
848 613 981 677 enlmeo
998 613 1066 677 1999
1088 619 1151 676 ter:
1173 611 1267 692 LXV,
1291 616 1331 678 22
1349 615 1423 679 dum
1438 616 1585 692 adventu,
1609 614 1735 692 LXVII,
1759 619 1800 682 30
1817 617 1872 700 qui
1893 621 1969 704 ipse,
1985 620 2131 702 LXVIII,

294 715 335 778 14
356 739 395 780 99
418 715 560 800 amplius.

375 819 587 884 (laesuram
610 816 721 880 deinde
742 836 826 891 caui,
849 837 929 898 quae
950 820 997 878 est
1017 822 1090 900 post
1111 816 1240 880 tertium
1257 817 1454 891 trochaeum,
1477 817 1578 880 911999
1602 816 1741 885 Catullus
1763 819 1825 884 iam
1849 821 1889 884 ab
1913 821 2130 890 Alexandrinis

298 923 407 984 doctus
429 918 524 983 semel
545 925 670 983 tantum
691 917 724 982 in
746 916 853 1002 elegiis
875 916 913 979 de
935 915 993 979 hac
1015 915 1180 980 severitate
1202 919 1323 981 remisit
1342 917 1488 992 LXVIII,
1511 919 1552 982 29
1576 919 1683 1000 „quod
1704 920 1764 984 tibi
1793 943 1856 984 non
1883 923 2048 1008 utriusque
2075 951 2131 1012 pe-

295 1024 374 1087 tenti
399 1022 490 1105 copia
511 1019 595 1084 19919
617 1024 693 1083 991.“
736 1017 818 1085 Nam
841 1019 879 1081 de
900 1017 938 1080 iis
962 1016 1114 1087 versibus,
1149 1018 1318 1100 inquibus
1347 1020 1399 1084 illa
1422 1019 1546 1084 videtur
1568 1021 1682 1094 inesse,
1719 1020 1811 1084 aliter
1832 1045 1895 1087 esse
1927 1030 2131 1094 statuendum

290 1145 339 1187 me
361 1144 461 1207 nuper
482 1145 519 1185 ex
541 1121 702 1206 praeclaro
723 1121 778 1184 illo
799 1119 835 1185 L.
858 1117 982 1182 Miilleri
1003 1118 1083 1182 libro
1106 1121 1288 1203 cognovisse
1311 1120 1406 1184 libere
1427 1123 1587 1205 profiteor.
1618 1122 1723 1203 Atque
1745 1130 1818 1187 aute
1840 1147 1945 1189 omnes
1967 1127 2029 1193 hnc
2051 1155 2125 1216 per-

289 1225 370 1290 tinet
391 1222 510 1300 LXVI,
533 1225 574 1287 35

758 1323 803 1398 „si
826 1320 963 1385 raditum
984 1318 1149 1386 tetulisset.
1173 1322 1199 1384 is
1221 1309 1299 1386 haut
1320 1321 1353 1386 in
1374 1327 1515 1406 tempore
1537 1323 1663 1408 longo“,

292 1428 341 1490 cui
363 1425 450 1490 illam
472 1423 662 1489 trochaicam
684 1445 841 1488 caesuram
864 1443 900 1485 eo
922 1422 1024 1487 minus
1046 1419 1185 1486 tribuere
1209 1423 1441 1501 dubitaveram,
1472 1425 1557 1506 quod
1579 1431 1651 1509 post
1672 1427 1804 1490 eundem
1827 1427 1915 1490 illum
1945 1429 2126 1496 trochaeum

289 1527 394 1614 gravis
415 1528 587 1591 sententiae
610 1526 769 1590 distinctio
792 1531 848 1589 est.
893 1526 971 1590 Cum
993 1548 1083 1604 vero,
1112 1530 1149 1588 ut
1171 1526 1216 1588 ait
1238 1524 1273 1589 L.
1296 1523 1446 1589 1111119999
1468 1549 1541 1611 pag.
1567 1527 1642 1604 188,
1666 1526 1799 1590 Romani
1827 1535 1940 1612 poetae
1962 1531 2052 1594 metri
2074 1555 2124 1599 ra-

292 1629 392 1694 tiones
415 1629 532 1712 ubique
552 1627 690 1713 potiores
712 1625 879 1690 habuerint
902 1649 995 1709 quam
1017 1650 1123 1692 sensus
1145 1631 1177 1691 et
1200 1647 1358 1690 caesuram
1379 1625 1663 1710 hephthemime'riu
1691 1635 1728 1692 ut
1749 1651 1863 1693 arcano
1886 1629 1961 1694 artis
1983 1634 2128 1717 proprIae

292 1732 417 1796 modulo
441 1737 535 1814 atque
556 1729 632 1793 adeo
661 1727 812 1812 graecitati
833 1727 944 1792 indolis
977 1751 1051 1794 9999
1071 1729 1210 1812 ipsorum
1234 1726 1332 1793 totins
1364 1729 1605 1812 respondentem
1629 1730 1871 1806 adamaverint‘,
1900 1732 1932 1795 in
1955 1755 2043 1796 versu
2071 1735 2126 1799 illo

292 1832 466 1898 Catulliano
490 1832 574 1905 nulla
596 1829 856 1913 interpunctionis
879 1831 1000 1895 ratione
1022 1831 1131 1896 habita
1152 1851 1311 1894 caesuram
1333 1853 1401 1894 eam
1422 1852 1502 1914 quac
1524 1837 1571 1895 est
1592 1837 1664 1917 post
1679 1837 1824 1914 quartam
1843 1834 1927 1898 arsin
1949 1838 2126 1918 ponendam

291 1955 355 1997 esse
377 1939 470 2019 puto,
496 1931 681 2018 praesertim
709 1951 780 1994 cum
803 1953 866 1994 999
898 1933 977 1996 desit
998 1933 1250 2007 trithemimeris,
1279 1952 1358 2014 quac
1380 1932 1565 2015 plerumque
1593 1955 1664 1996 cum
1686 1933 1739 1998 1119
1766 1935 1931 1999 coniuncta
1953 1959 2019 2000 esse
2040 1939 2127 2018 solet,

290 2041 321 2099 et
343 2033 506 2120 sicigitur
528 2056 591 2097 esse
614 2033 795 2116 legendum:

750 2133 776 2196 si
800 2133 936 2198 reditum
955 2138 959 2215 1
979 2133 1142 2198 1919119991.
1165 2133 1190 2195 19
1212 2133 1290 2198 haut
1315 2171 1317 2216 1
1351 2133 1383 2196 iu
1406 2141 1547 2219 tempore
1570 2136 1674 2220 longo.

290 2237 375 2314 Quae
397 2234 551 2300 sententia
573 2257 636 2323 non
663 2257 775 2320 parum
804 2235 879 2299 mihi
912 2235 1036 2299 videtur
1058 2235 1236 2300 confirmari
1258 2257 1348 2300 99999
1372 2235 1547 2300 0919111999
1569 2235 1644 2300 hoc:
1678 2259 1758 2320 „qua
1779 2259 1813 2300 re
1834 2243 2019 2322 tempestate
2041 2263 2123 2306 novo

290 2343 399 2404 auctus
421 2339 621 2420 hymenaco“,
643 2337 676 2400 in
698 2359 760 2420 quo
793 2336 819 2400 si
850 2336 1071 2422 distinguimus
1093 2343 1166 2422 post
1197 2345 1341 2420 quartam
1365 2337 1448 2401 arsin
1469 2337 1572 2402 hiatus
1605 2337 1657 2402 1119
1679 2338 1825 2402 molestus
1846 2345 1970 2423 praeter
1991 2342 2124 2420 reniam,

292 2461 401 2523 quam,
422 2445 459 2502 ut
481 2460 575 2523 supra
597 2437 745 2512 vidimus,
778 2443 904 2502 amatu
926 2437 1014 2502 verbi
1042 2438 1167 2502 iambici
1196 2437 1329 2503 elidendi
1357 2438 1556 2516 99991991199,
1579 2439 1675 2504 etiam
1700 2440 1770 2524 plus
1793 2440 1997 2506 excusationis
2018 2442 2122 2510 habet.

290 2541 338 2605 De
361 2541 421 2605 alio
445 2539 555 2604 deinde
576 2561 668 2603 99999
690 2544 726 2602 91
749 2539 872 2602 demere
895 2540 1047 2622 possimus
1071 2561 1229 2604 caesuram
1257 2540 1342 2605 illam
1363 2541 1555 2604 trochaicam
1577 2565 1595 2606 a
1618 2540 1771 2606 Mauricio
1793 2541 1933 2626 Hauptio
1965 2542 2125 2608 dissentire

291 2643 448 2728 cogimur,
470 2641 524 2724 qui
545 2639 662 2716 LXVI,
684 2641 723 2702 41
748 2640 793 2705 119
814 2640 905 2725 legit:
930 2641 1045 2726 „digna
1066 2641 1147 2706 ferat
1168 2643 1251 2724 quod
1273 2641 1370 2725 siquis
1393 2642 1527 2706 inaniter
1549 2641 1729 2718 adiurarit“,
1752 2664 1845 2725 quem
1867 2643 1912 2707 ita
1933 2643 1996 2728 legi
2018 2645 2126 2709 malim

288 2748 324 2807 ut
346 2743 500 2807 vocabulo
522 2743 648 2825 siquis
679 2741 832 2806 disiuncto
866 2749 938 2827 post
960 2742 1210 2806 coniunctionem
1241 2743 1274 2806 si
1296 2743 1437 2828 legitima
1458 2744 1585 2808 exsistat
1613 2766 1740 2808 caesura
1762 2745 2026 2828 penthemimeris.
2072 2747 2127 2812 Se-

288 2845 454 2910 9991191999
476 2844 576 2920 illam,
600 2867 679 2926 quae
702 2844 785 2929 apud
809 2843 965 2908 Catullum
987 2867 1024 2908 ex
1046 2843 1220 2908 imitatione
1242 2845 1524 2909 Alexandrinorum
1546 2845 1671 2909 ridetur
1692 2851 1763 2910 9919
1786 2868 1863 2921 9999,
1891 2845 2033 2911 Tibullus
2056 2852 2124 2912 arte

288 2946 387 3030 magis
417 2951 448 3009 91
467 2946 589 3009 ratione
618 2967 690 3008 usus
713 2945 772 3008 sibi
804 2945 985 3030 imposuisse
1006 2947 1163 3029 putandus
1184 2951 1246 3020 991,
1278 2969 1349 3010 cum
1377 2946 1590 3032 intellegeret,
1619 2946 1764 3012 muliebri
1785 2946 1840 3012 illa
1869 2969 1996 3012 caesura
2024 2948 2124 3012 versui

287 3046 449 3112 conciliari
472 3045 716 3125 volubihtatem,
739 3069 818 3129 quae
840 3071 859 3111 a
879 3047 1036 3130 gravitate
1057 3047 1206 3112 sermonis
1229 3046 1332 3112 Latini
1361 3049 1529 3114 admodum
1552 3048 1715 3134 discrepet.
1760 3047 1889 3112 Nullum
1916 3048 1998 3112 enim
2019 3071 2119 3111 exem·

286 3149 375 3232 plum
397 3148 480 3232 apud
513 3170 582 3212 auur
617 3148 754 3211 iuvenies
785 3148 811 3210 si
834 3170 939 3212 999999
973 3148 1049 3212 (1999
1072 3147 1142 3212 hos:
1193 3148 1350 3232 ,quisquis
1372 3172 1478 3214 amore
1506 3155 1646 3229 tenetur,
1669 3155 1719 3214 991
1743 3160 1754 3230 1¹
1779 3155 1927 3230 tutusque
1956 3155 2122 3232 sacerque“

290 3249 327 3334 (I,
351 3253 379 3326 2,
402 3252 456 3332 27)
481 3255 512 3313 91
536 3249 658 3325 „desine
674 3249 881 3313 dissimulare:
904 3250 978 3312 deus
1002 3251 1004 3330 1
1039 3237 1192 3314 crudelius
1207 3251 1288 3315 urit“
1312 3250 1350 3332 (l,
1374 3252 1402 3326 8,
1426 3252 1457 3334 7)
1473 3274 1509 3315 99
1532 3273 1625 3333 quem
1644 3273 1739 3337 sirpra
1754 3249 1881 3334 exposui
1900 3249 1993 3313 modo
2008 3249 2122 3314 incisos

288 3375 352 3414 esse
374 3351 509 3436 putabis.

374 3453 410 3516 ln
432 3451 604 3517 numeris
626 3453 759 3535 denique
781 3452 845 3516 9199
866 3452 899 3515 19
922 3457 998 3536 apta
1019 3452 1221 3536 dispositione
1247 3475 1449 3537 connexaque
1472 3454 1655 3530 verborum,
1689 3453 1801 3535 quibus
1824 3451 1928 3515 mixtis
1961 3451 2125 3514 9199919-

290 3557 331 3620 919
354 3555 399 3618 1111
422 3559 582 3628 99991991,
604 3553 745 3618 Γ11191199
767 3554 904 3639 primum
927 3576 963 3617 ea
986 3575 1019 3617 re
1041 3553 1188 3638 profecit,
1211 3556 1295 3638 quod
1317 3579 1336 3619 a
1357 3557 1418 3620 fine
1441 3555 1614 3620 hexametri
1642 3555 1787 3640 longiora
1808 3552 1938 3618 exclusit
1959 3553 2121 3618 99991919.

291 3658 417 3722 Etenim
439 3677 510 3719 cum
531 3661 568 3720 ut
594 3679 689 3740 supra
711 3655 860 3732 vidimus,
889 3655 971 3719 circa
992 3655 1111 3718 exitum
1142 3678 1288 3720 versuum
1310 3679 1454 3722 numeros
1477 3657 1621 3741 expedite
1644 3658 1753 3722 cadere
1784 3659 1931 3740 oporteat
1951 3676 2123 3739 parumque

291 3759 413 3836 deccat,
436 3780 487 3822 eos
510 3759 736 3821 incrementum
758 3765 790 3821 et
811 3757 874 3820 vim
897 3759 985 3840 quasi
1015 3779 1125 3840 capere
1151 3757 1204 3820 911
1237 3759 1412 3822 decrescere
1441 3759 1569 3834 debent,
1601 3758 1744 3822 Tibullus
1772 3757 1879 3822 subtili
1907 3779 1978 3820 cum
2007 3753 2123 3820 iudicio

289 3881 397 3924 versus
419 3859 509 3923 119199
531 3861 649 3922 9991199
673 3862 719 3921 est
741 3880 804 3921 non
825 3859 925 3922 solum
947 3858 985 3922 iis
1006 3859 1178 3935 vocabulis,
1201 3881 1281 3942 quae
1303 3860 1506 3944 spondaicum
1528 3859 1669 3924 alliciunt
1691 3863 1819 3937 exitum,
1841 3859 1947 3943 qualia
1961 3857 2124 3922 19999199-

291 3969 346 4025 tur
368 3961 453 4046 apud
475 3959 632 4023 Catullum
653 3959 729 4023 haec
751 3958 868 4035 LXVI,
891 3964 910 4024 3
932 3961 1129 4035 obscuretur,
1153 3983 1181 4026 9.
1204 3962 1256 4037 41,
1278 3959 1443 4035 9911999919
1472 3985 1500 4026 9.
1524 3965 1580 4038 11,
1602 3962 1808 4047 fulgeremus,
1831 3958 1980 4036 LXVIII,
2003 3963 2043 4024 65
2066 3959 2124 4022 irn-

286 4061 424 4147 plorata,
447 4061 501 4125 sed
523 4059 617 4126 etiam
639 4061 706 4125 aliis
729 4084 792 4126 uon
813 4068 879 4125 tam
900 4059 1019 4125 vitiosis
1042 4066 1079 4125 ut
1107 4061 1278 4144 hymenaeo
1300 4061 1416 4140 LXVI,
1441 4065 1494 4139 ll,
1526 4063 1694 4128 Laodamia
1715 4061 1866 4140 LXVIII,
1893 4063 1962 4124 105.
2006 4061 2124 4125 Eadem

287 4164 341 4228 illa
363 4165 530 4228 verborum
552 4184 816 4248 numerorumque
832 4162 1041 4247 discrepantia
1061 4165 1098 4226 tit
1120 4162 1175 4226 911
1197 4163 1375 4228 hexameter·
1390 4164 1499 4228 finitur
1522 4166 1674 4229 vocabulo
1690 4162 1904 4245 monosyllabo
1920 4164 2123 4227 antecedente

286 4265 499 4350 polysyllaho,
522 4287 583 4328 nou
606 4265 732 4349 quidem
754 4265 794 4328 ob
824 4263 917 4328 huius
944 4263 1182 4349 amplitudinem
1211 4266 1263 4329 sed
1297 4267 1337 4328 ob
1359 4288 1488 4350 greum
1510 4289 1604 4348 quem
1625 4267 1665 4330 ab
1697 4265 1751 4328 illo
1773 4263 1987 4346 monosyllabo
2010 4264 2124 4349 accipit

288 4373 467 4444 accentum,
490 4366 582 4430 9119
612 4389 703 4432 versu
731 4365 905 4432 Catulliano
933 4364 1050 4444 LXVI,
1085 4369 1125 4431 13
1148 4367 1328 4445 „uvidulam
1348 4390 1369 4432 a
1390 4368 1466 4432 11919
1488 4368 1649 4430 cedentem
1677 4365 1716 4429 ad
1749 4365 1867 4448 templa
1889 4365 1981 4428 deum
2001 4373 2070 4429 999*
2092 4371 2128 4457 ct

289 4477 454 4554 praeterea
475 4467 592 4544 LXVI,
623 4469 681 4546 91,
706 4467 858 4545 LXVIII,
889 4469 942 4546 19,
970 4471 1020 4535 33.
1066 4467 1170 4533 Minus
1204 4469 1299 4533 durus
1322 4467 1534 4533 119919999999
1568 4467 1695 4532 auribus
1718 4467 1843 4531 videtur
1874 4467 1969 4532 fixisse
1990 4468 2125 4532 duorum

289 4570 580 4654 monosyllabarum
601 4567 633 4634 in
653 4591 750 4634 99999
773 4569 862 4653 quasi
884 4570 1122 4635 coalescentium
1144 4569 1259 4647 exitus,
1295 4592 1387 4653 quem
1410 4568 1611 4634 9911191199
1634 4567 1760 4650 quidem
1782 4567 1908 4647 9119911,
1941 4568 2032 4634 9119
2055 4590 2124 4632 999-

289 4695 326 4736 su
342 4671 417 4736 hoc:
440 4673 576 4738 carmine
597 4695 756 4758 purpurea
778 4678 825 4736 991
839 4671 908 4736 Nisi
924 4693 1027 4736 coma:
1050 4671 1188 4737 cannina
1202 4672 1234 4734 ni
1256 4675 1320 4736 sint
1342 4672 1366 4746 I,
1390 4673 1419 4748 4,
1443 4675 1493 4736 63.
1538 4669 1666 4755 Optime
1687 4676 1793 4735 autem
1813 4671 2028 4737 hexametrum
2050 4691 2124 4734 con-

289 4773 372 4836 cludi
395 4775 551 4858 putabant
573 4773 725 4839 vocabulo
749 4773 903 4857 dactylico
926 4786 1075 4855 sequente
1096 4773 1264 4858 spondaico
1280 4773 1466 4857 (trochaico)
1482 4773 1530 4838 vel
1554 4774 1721 4838 bacchiaco
1736 4774 1938 4838 antecedente
1952 4771 2124 4845 trochaicor

287 4896 380 4956 qnam
405 4875 531 4956 quidem
552 4897 695 4940 normam
708 4875 761 4940 1119
783 4876 848 4939 fera
864 4875 981 4957 ubique
1004 4874 1194 4953 observavit,
1219 4875 1289 4940 ride
1310 4875 1430 4960 primae
1452 4875 1570 4962 elegiae
1594 4899 1700 4942 versus
1725 4877 1752 4952 1,
1775 4879 1804 4952 3,
1830 4876 1857 4952 7,
1881 4877 1909 4952 9,
1934 4875 1982 4950 13,
2007 4871 2121 4952 15,19,

285 4977 338 5052 21,
361 4977 411 5051 23,
435 4978 486 5056 25,
509 4977 559 5055 27,
584 4979 634 5055 39,
657 4977 707 5056 47,
732 4979 783 5056 49,
806 4980 857 5056 55,
880 4979 931 5056 57,
955 4977 1005 5054 59,
1026 4977 1077 5054 al,
1101 4977 1151 5055 65,
1173 4979 1223 5056 67,
1253 4979 1302 5057 73,
1329 4978 1378 5042 75.
1423 4978 1459 5042 19
1481 4983 1679 5064 pentametro
1702 4977 1813 5041 deinde
1835 4974 2049 5059 componendo
2071 4969 2125 5036 'Il-

285 5077 388 5141 191199
410 5077 493 5142 haud
515 5078 559 5144 ita
580 5083 618 5144 ut
639 5081 672 5144 in
693 5079 874 5144 hexametro
896 5079 979 5144 ultro
1001 5085 1103 5143 artem
1124 5079 1332 5145 Catulliauam
1354 5103 1537 5166 progressus
1560 5089 1616 5146 est.
1647 5080 1691 5144 Ut
1712 5079 1795 5143 enim
1816 5084 1936 5142 taceam
1960 5077 1997 5140 de
2019 5076 2121 5160 prirno

283 5178 367 5244 111199
389 5179 600 5258 hemistichia,
624 5183 708 5264 quod
730 5185 863 5264 uterque
890 5180 935 5246 119
966 5181 1254 5259 99919999999991,
1288 5189 1325 5246 91
1347 5183 1502 5266 spondeus
1535 5182 1657 5268 saepius
1680 5179 1814 5265 excipiat
1836 5178 1994 5262 dactylum
2028 5199 2122 5261 quam
