4726 5954
1184 463 1203 527 7

273 662 374 728 nimos
395 683 562 747 senemque
583 668 734 727 matrem“
756 665 788 727 et
810 683 890 745 quae
911 663 1053 746 sequitur
1073 665 1168 750 primi
1189 686 1373 750 congressus
1395 663 1578 749 descriptio;
1599 687 1694 749 quam
1716 666 1833 752 frigida
1855 673 1966 734 contra
1988 669 2114 736 Horatii

274 764 473 843 deliberatio,
504 763 565 828 cui·
581 762 697 828 amiens
719 785 860 828 reversus
893 765 985 849 plura
1006 765 1111 830 oscula
1133 767 1262 830 daturus
1294 765 1336 831 sit
1356 765 1520 849 multoque
1551 765 1697 851 frigidior
1718 769 1911 834 enumeratio
1945 793 2052 836 rernm
2074 771 2114 836 ad

274 866 381 951 epulas
403 865 566 930 sollemnes
588 865 844 930 necessariarum!
887 865 1050 942 Quacum
1070 866 1167 932 animi
1188 867 1321 932 veritate
1343 889 1415 931 cum
1435 866 1501 931 fere
1522 888 1645 951 semper
1664 869 1815 934 sermonis
1842 870 2025 956 simplicitas
2046 878 2114 938 arte

275 967 441 1032 conmnota
462 966 517 1044 sit,
537 965 570 1030 in
592 965 764 1030 minoribus
787 965 903 1032 Oatrrlli
923 967 1112 1032 carminibus
1132 990 1286 1052 nmquam
1312 968 1363 1032 vel
1383 966 1486 1032 ironia
1508 967 1795 1054 dissimulantiaque
1816 972 2043 1038 sententiarum
2064 975 2115 1038 vel

275 1069 442 1132 verboram
463 1068 654 1134 obscuritate
674 1067 724 1132 vel
746 1068 880 1151 denique
901 1069 1092 1134 ornamentis
1114 1069 1177 1134 alte
1197 1068 1305 1154 petitis
1327 1067 1524 1135 offendimur.
1567 1069 1675 1136 Talem
1697 1077 1825 1156 poetam
1853 1077 2046 1159 quantopere
2067 1097 2115 1139 se-

275 1191 346 1234 cum
366 1170 470 1254 ipsum
491 1169 580 1254 quasi
596 1191 752 1255 pugnasse
773 1175 934 1255 putemus,
962 1191 1034 1234 cum
1055 1193 1087 1236 se
1107 1171 1265 1236 conferret
1286 1170 1331 1235 ad
1352 1169 1461 1255 poesin
1483 1169 1780 1251 Alexandrinorum,
1808 1174 1863 1258 qui
1891 1199 1909 1240 a
1935 1197 1993 1242 sua
2017 1175 2114 1261 ipsius

155 1319 157 1329 .
274 1276 387 1336 natura
409 1270 609 1336 diversissimi
632 1275 734 1336 crant!
777 1269 862 1336 Fieri
883 1293 946 1336 non
968 1271 1088 1356 potuit,
1111 1271 1188 1355 quin
1209 1276 1265 1337 aut
1292 1271 1487 1358 proprietate
1507 1292 1564 1336 sua
1585 1271 1707 1337 abiecta
1734 1295 1767 1338 se
1795 1280 1899 1340 totum
1928 1277 1968 1341 ad
1989 1276 2116 1342 illorum

275 1373 417 1459 exempla
439 1372 612 1458 applicaret
633 1378 687 1436 aut
708 1371 767 1436 sibi
789 1371 849 1457 ipsi
870 1380 1016 1439 constans
1035 1373 1090 1438 illa
1109 1372 1155 1437 ita
1177 1377 1385 1438 commutaret
1405 1382 1442 1436 ut
1463 1371 1522 1436 sibi
1544 1371 1757 1440 convenimnt.
1790 1375 1892 1452 Quam
1914 1377 1953 1441 ad
1975 1399 2115 1442 commu·

274 1474 428 1540 utonem
449 1473 610 1559 ingenium
632 1472 747 1538 Catulli
768 1494 831 1537 nou
858 1473 933 1538 satis
964 1480 1075 1560 aptum
1096 1480 1152 1539 aut
1174 1511 1214 1522 -
1236 1475 1321 1559 quod
1348 1481 1462 1558 putare
1489 1474 1595 1539 malim
1618 1511 1659 1523 —
1680 1497 1744 1541 non
1771 1499 1964 1563 propensum
1990 1479 2115 1543 videtur

274 1575 378 1640 fuisse.
421 1575 532 1660 Elegia
553 1575 694 1663 euimlut
720 1575 805 1660 apud
826 1573 975 1653 Graecos,
1002 1573 1205 1661 sioriginem
1232 1579 1265 1639 et
1292 1580 1415 1659 tempus
1443 1597 1505 1659 quo
1538 1575 1646 1640 floruit
1671 1583 1862 1660 spectamus,
1895 1578 1979 1644 iuter
2006 1581 2116 1663 poesin

276 1677 396 1762 epicam
417 1680 450 1740 et
470 1671 602 1760 lyricam
622 1678 655 1741 in
676 1676 778 1741 medio
800 1675 904 1761 posita
925 1683 987 1755 est,
1010 1677 1055 1743 ita
1076 1678 1239 1760 utriusque
1260 1677 1384 1762 generis
1406 1681 1593 1762 argumenta
1620 1682 1651 1742 et
1674 1678 1818 1758 affectus,
1848 1679 1904 1762 qui
1924 1686 1998 1745 sunt
2019 1681 2115 1747 animi

275 1777 486 1861 tranquillitas
508 1785 540 1843 et
560 1785 679 1856 motus,
700 1778 868 1843 commixta
889 1778 922 1842 iu
943 1801 976 1843 se
998 1800 1122 1864 semper
1140 1777 1310 1855 continuit,
1329 1777 1376 1842 ita
1398 1777 1533 1860 quidem,
1554 1783 1592 1842 ut
1612 1779 1645 1843 hi
1661 1779 1810 1845 maiorem
1832 1780 1936 1845 locum
1952 1783 2116 1848 obtineant

276 1900 371 1961 (pram
392 1878 455 1944 illa.
499 1879 618 1956 Quibus
641 1902 829 1964 quamquam
850 1903 890 1945 ne
912 1879 1105 1946 Catulliauae
1128 1878 1254 1963 quidem
1282 1878 1400 1962 elegiae
1421 1880 1472 1943 vel
1491 1879 1595 1965 potius
1617 1879 1688 1956 illa,
1714 1902 1795 1964 quac
1823 1903 1885 1946 una
1905 1885 2033 1969 proprie
2055 1885 2116 1950 hoc

276 1979 401 2044 nomine
423 1979 519 2065 digna
542 1987 604 2057 est,
626 2004 750 2046 carmen
771 1979 923 2060 LXVIII,
951 1987 1038 2047 caret
1064 1981 1118 2046 sed
1148 1981 1248 2046 multa
1269 1985 1301 2046 et
1333 1980 1421 2065 epica
1450 1986 1482 2044 et
1503 1981 1602 2064 lyrica
1623 1981 1656 2045 iu
1678 2005 1716 2047 ea
1736 1982 1857 2060 insunt,
1889 1989 1995 2050 tamen
2017 1986 2115 2072 epica,
2228 2055 2231 2060 ,

179 2145 189 2156 ,
275 2102 374 2164 eaque
394 2080 537 2166 plurima,
559 2105 622 2147 non
645 2082 760 2148 Catrdli
780 2083 1014 2169 simplicitatem
1033 2083 1088 2147 sed
1107 2082 1392 2148 Alexandrinorum
1414 2082 1588 2148 doctrinam
1610 2083 1763 2161 redolent,
1785 2083 1885 2166 lyrica
1906 2107 1980 2150 vero
2004 2109 2115 2169 qnam·

276 2182 321 2246 ris
342 2205 399 2267 per
420 2205 453 2247 se
475 2183 607 2268 pulchra
629 2192 662 2250 et
682 2206 756 2249 vere
777 2183 953 2250 Catulliana
974 2193 1079 2250 tamen
1101 2207 1173 2249 rara
1200 2189 1233 2248 et
1253 2190 1317 2248 tam
1340 2205 1453 2267 parum
1473 2204 1545 2248 cum
1565 2184 1626 2249 illis
1654 2184 1783 2249 confina
1810 2191 1898 2264 sunt,
1929 2193 1966 2251 ut
1993 2210 2115 2256 summa

178 2295 181 2300 ’
275 2284 498 2369 probabilitate
520 2291 654 2368 utraque
687 2286 860 2352 discernere
882 2288 1044 2373 possimus.
1089 2285 1159 2350 Huc
1186 2306 1250 2349 non
1276 2283 1379 2349 refero
1400 2284 1527 2350 neniam
1546 2285 1632 2350 illam
1661 2285 1700 2350 de
1720 2293 1822 2352 morte
1843 2283 1965 2366 fratris,
1997 2288 2114 2372 inqua

276 2407 465 2469 quamquam
486 2386 552 2451 fere
572 2387 682 2452 iisdem
702 2388 804 2453 verbis
827 2387 859 2452 in
883 2411 945 2454 uno
968 2389 1139 2470 eodemque
1162 2387 1298 2452 carmine
1320 2409 1357 2451 ca
1378 2386 1513 2471 repetitu
1535 2392 1597 2463 est,
1623 2393 1729 2451 tamen
1758 2388 1835 2452 adeo
1862 2389 1941 2453 nihil
1969 2390 2115 2456 offensio·

275 2486 324 2550 nis
345 2486 443 2550 inesse
464 2486 542 2552 mibi
564 2488 705 2566 videtur,
724 2496 761 2554 ut
783 2494 978 2573 quantopere
999 2489 1139 2554 Catullus
1160 2488 1394 2574 simplicitatem
1414 2488 1606 2554 adamaverit
1628 2495 1661 2553 et
1681 2487 1715 2552 in
1737 2489 1844 2574 elegiis
1867 2511 1993 2573 quoque
2015 2514 2115 2574 quan-

276 2597 345 2652 tum
366 2588 472 2671 potuit
492 2611 651 2654 reservare
672 2591 828 2654 studuerit
849 2591 921 2656 iude
943 2589 1140 2676 potissimum
1161 2589 1308 2675 cognosci
1329 2589 1436 2665 liceat,
1458 2588 1567 2652 sedin
1588 2588 1692 2654 animo
1715 2589 1815 2655 habeo
1844 2591 1920 2656 duos
1943 2593 2114 2676 praecipue

277 2688 360 2754 locos
383 2688 547 2773 (LXVIII,
569 2694 610 2756 53
632 2713 678 2775 sq.
701 2697 733 2756 et
756 2695 816 2757 109
844 2698 922 2776 sq),
949 2691 1005 2756 ubi
1030 2699 1126 2776 poeta
1154 2700 1191 2755 ut
1217 2678 1361 2756 ardorem
1389 2695 1484 2774 atque
1518 2689 1582 2754 vim
1611 2691 1724 2756 amoris
1753 2691 1937 2777 depingeret
1974 2694 2116 2779 exempla

276 2791 462 2868 cumularit,
485 2814 564 2875 quae
586 2793 722 2859 interae
743 2799 809 2858 tum
832 2793 953 2859 diversa
974 2801 1063 2870 sunt,
1085 2799 1121 2857 ut
1142 2792 1194 2857 vir
1216 2794 1306 2858 unias
1329 2816 1393 2858 csse
1407 2791 1539 2879 possint.
1578 2785 1778 2878 Quantopere
1801 2793 1884 2858 enirn
1897 2794 2017 2879 frigent
2031 2816 2117 2858 com-

275 2891 454 2977 parationes
475 2894 588 2959 amoris
609 2896 702 2960 semel
724 2918 795 2960 cum
817 2903 904 2960 aestu
927 2898 1048 2962 Aetnae
1080 2895 1194 2958 montis
1217 2899 1248 2960 et
1277 2893 1573 2979 Thermopylarum,
1608 2894 1718 2959 deinde
1739 2916 1811 2958 cum
1838 2896 2002 2972 barathro,
2031 2897 2116 2978 quod

275 2993 425 3059 Hercules
446 3005 483 3061 ut
504 3019 575 3060 aves
598 2996 828 3082 Stymphalicas
849 2999 1054 3074 interficeret,
1075 2996 1189 3062 fodisse
1211 2995 1339 3060 dicitur!
1384 2995 1459 3071 Quis
1488 3016 1612 3058 censere
1635 2995 1759 3060 dubitat
1787 2995 1842 3060 has
1866 2996 2115 3081 comparationes

275 3097 558 3162 Alexandrinorum
580 3089 648 3164 esse
665 3121 766 3183 neque
795 3099 925 3178 Catulli,
959 3099 1076 3184 quippe
1099 3098 1153 3182 qui
1173 3097 1212 3162 iis
1234 3097 1329 3162 addat
1360 3095 1512 3182 imagines
1539 3101 1606 3161 tarn
1628 3097 1728 3173 vivas,
1761 3103 1798 3160 ut
1817 3119 1834 3161 e
1853 3104 1967 3162 natura
1986 3099 2055 3182 ipsa
2084 3103 2116 3163 et

275 3196 340 3261 rita
370 3199 552 3282 quotidiana
584 3223 635 3265 eas
662 3204 777 3285 petitas
810 3225 874 3266 esse
896 3207 1056 3287 appareat.
1101 3200 1184 3278 Quid
1216 3197 1299 3263 anim
1320 3197 1480 3283 pulchrius
1513 3199 1646 3282 cogitari
1674 3205 1780 3282 potest
1813 3220 1907 3280 quam
1939 3221 2046 3264 versus
2068 3199 2115 3264 hi:

275 3297 395 3363 Maesta
416 3322 517 3384 neque
537 3301 666 3366 adsiduo
687 3303 845 3368 tabescere
866 3303 985 3367 lumina
1006 3305 1083 3367 fletu
1105 3301 1269 3366 Cessarent
1290 3298 1436 3382 tristique
1456 3298 1557 3364 imbre
1579 3301 1703 3364 madere
1725 3321 1833 3384 genae,
1861 3300 1968 3377 Qualis
1989 3300 2022 3364 in
2038 3299 2114 3365 aerii

278 3401 439 3483 perlucens
461 3403 578 3467 vertice
599 3405 714 3468 montis
735 3403 832 3468 Ilivus
855 3427 996 3469 muscoso
1017 3401 1142 3489 prosilit
1164 3426 1181 3467 e
1203 3401 1307 3485 lapide
1327 3423 1373 3484 sq.
1409 3401 1492 3466 Nam
1512 3401 1539 3464 si
1559 3400 1711 3486 imagines
1733 3424 1784 3465 eus
1806 3400 1930 3486 eligere,
1952 3423 2032 3483 quae
2053 3406 2117 3466 stu-

276 3501 335 3564 tim
357 3508 389 3565 et
410 3508 570 3586 tamquam
592 3513 769 3588 praesentes
791 3506 961 3570 lectoribus
983 3507 1040 3570 sub
1063 3507 1169 3570 oculos
1192 3503 1320 3579 cadam,
1348 3503 1455 3588 magni
1477 3509 1590 3586 poetae
1617 3525 1681 3567 esse
1707 3502 1826 3586 optime
1853 3503 1920 3566 iure
1949 3501 2115 3579 iudicatur,

278 3601 417 3667 Catullus
438 3603 497 3668 hoc
518 3607 642 3670 nomine
665 3607 777 3692 dignas
800 3614 847 3671 est
869 3612 901 3671 et
919 3607 1041 3672 facilius
1064 3606 1092 3671 ei
1114 3606 1146 3669 id
1167 3603 1370 3691 ignoscimus,
1393 3605 1477 3686 quod
1499 3603 1533 3667 in
1560 3604 1620 3667 illis
1649 3603 1815 3668 dilatandis
1845 3610 1878 3668 et
1907 3626 1964 3689 per
1992 3603 2116 3688 singula

276 3705 497 3791 persequendis
520 3706 613 3770 etiam
634 3708 711 3773 talia
731 3709 838 3784 affert,
861 3731 941 3791 quae
961 3711 1000 3774 ab
1022 3710 1089 3794 ipso
1114 3707 1355 3792 comparationis
1377 3711 1535 3770 momento
1558 3706 1672 3770 absunt
1700 3727 1802 3788 neque
1823 3705 1989 3789 quiequam
2012 3704 2053 3768 ad
2074 3704 2116 3768 si·

274 3807 484 3872 militudinem
506 3806 723 3872 declarandam
744 3810 861 3874 habeut
885 3812 1043 3889 momenti,
1066 3833 1159 3893 quam
1182 3809 1267 3892 quod
1286 3809 1324 3871 iis
1347 3816 1413 3872 tum
1433 3827 1505 3871 raro
1527 3806 1631 3871 locum
1646 3806 1798 3872 concessit
1818 3811 1850 3871 et
1872 3807 1971 3871 rnulto
1994 3805 2115 3891 saepius

276 3908 399 3972 aliunde
422 3913 582 3971 mutuatus
604 3915 652 3973 est
673 3932 739 3985 cas,
761 3933 841 3992 quae
861 3933 936 3974 suae
956 3912 1053 3996 ipsius
1074 3911 1248 3996 elegantiae
1268 3917 1458 3995 repugnant.

361 4008 427 4084 Sic,
449 4016 487 4074 ut
508 4009 613 4074 omnia
634 4011 838 4095 complectar,
861 4034 972 4077 causae
993 4035 1049 4077 cur
1070 4013 1103 4077 in
1125 4011 1231 4097 elegiis
1254 4034 1323 4076 eam
1350 4017 1450 4076 artem
1473 4009 1694 4086 desideremus,
1717 4031 1797 4090 aquae
1818 4009 1974 4073 minorum
2005 4007 2116 4073 carmi-

268 4131 351 4172 num
372 4110 501 4195 propria
524 4111 683 4190 est,1nihi
705 4112 851 4176 videntur
873 4116 1060 4198 repetendae
1088 4137 1152 4178 esse
1174 4112 1291 4197 partim
1313 4135 1351 4176 er
1370 4112 1496 4176 illarum
1517 4109 1672 4188 novitate,
1695 4131 1775 4191 quae
1797 4109 1940 4174 omnibus
1963 4109 2114 4194 tempori-

278 4211 335 4274 bus
359 4213 499 4278 attulerit
527 4213 725 4298 asperitates,
757 4213 870 4296 quibus
899 4215 1054 4279 abstinere
1088 4237 1160 4278 usus
1188 4219 1312 4279 tautum
1340 4219 1372 4277 et
1404 4211 1585 4278 exercitatio
1608 4211 1798 4288 docuerunt,
1831 4212 1986 4296 partiare
2018 4209 2114 4274 nirnio

279 4312 564 4380 Alexandrinorum
585 4315 705 4392 studio,
727 4315 813 4398 quod
833 4315 1042 4400 simplicitati,
1068 4316 1101 4378 in
1123 4338 1185 4398 qua
1206 4336 1328 4398 semper
1355 4335 1476 4379 summa
1503 4319 1667 4397 poetarum
1696 4314 1762 4378 laus
1791 4314 1894 4398 posita
1922 4317 1982 4389 est,
2013 4333 2115 4394 quaene

278 4436 407 4500 prorsus
430 4413 542 4480 offecit.
587 4417 704 4494 Quodsi
727 4417 795 4500 quis
818 4434 962 4501 quaerat,
990 4417 1146 4500 quomodo
1168 4416 1236 4481 fieri
1263 4416 1416 4501 potuerit,
1443 4421 1480 4480 ut
1508 4415 1647 4481 Catullus
1674 4415 1781 4480 iudicii
1813 4414 1861 4478 sui
1888 4412 1977 4496 quasi
2005 4411 2119 4476 oblivi-

276 4539 363 4582 scens
386 4515 668 4583 Alexandrinorum
690 4520 830 4602 exempla
859 4525 1055 4603 sequeretur,
1090 4519 1116 4605 is
1144 4517 1332 4595 meminerit,
1355 4540 1406 4581 eos
1429 4517 1543 4582 Catulli
1565 4523 1669 4582 aetate
1691 4525 1781 4581 tauta
1802 4517 1895 4580 fuisse
1917 4513 2115 4589 auctoritate,

275 4627 313 4683 ut
335 4617 490 4702 quomodo
506 4615 638 4683 Romani
660 4627 751 4685 autea
773 4645 791 4686 a
812 4621 968 4686 veteribus
984 4621 1110 4687 Graecis
1131 4620 1177 4684 ita
1198 4629 1267 4685 tum
1290 4620 1329 4684 ab
1350 4619 1411 4684 illis
1434 4619 1509 4702 quid
1524 4619 1692 4703 pulchrum
1714 4625 1747 4683 et
1768 4640 1839 4682 vere
1862 4616 2020 4701 poeticum
2036 4619 2116 4678 esset

277 4720 462 4784 discendum
485 4741 550 4784 esse
571 4725 733 4803 putarent;
756 4728 788 4785 et
811 4745 872 4804 quo
896 4723 965 4805 quis
986 4724 1117 4810 propius
1144 4723 1184 4787 ad
1206 4722 1332 4786 illorum
1353 4727 1454 4786 artem
1476 4721 1637 4785 accederet
1664 4743 1700 4786 eo
1728 4719 1888 4782 meliorem
1914 4715 2116 4782 iudicandum

276 4845 341 4888 esse
363 4829 500 4906 poetam
544 4820 616 4886 Huc
638 4823 771 4898 accedit,
793 4822 887 4905 idque
909 4826 1004 4891 etiam
1025 4826 1125 4910 magis
1148 4847 1219 4889 eum
1241 4832 1376 4902 excusat,
1399 4823 1483 4906 quod
1504 4822 1588 4886 intra
1602 4821 1758 4885 Ronlanos
1780 4840 1844 4882 non
1860 4817 1997 4883 habebat
2020 4841 2113 4902 quem

275 4925 464 4990 imitandum
484 4923 545 4987 sibi
565 4931 766 5008 proponeret.

362 5025 529 5090 Veniamus
559 5047 653 5089 ruunc
675 5026 715 5089 ad
735 5025 903 5092 Tibullum.
948 5028 1042 5093 Cuius
1064 5029 1097 5092 in
1118 5035 1187 5092 arte
1207 5025 1409 5090 describenda
1431 5047 1488 5090 cur
1516 5021 1713 5098 (bauionem,
1743 5044 1805 5104 qua
1827 5043 1922 5107 supra
1944 5043 2016 5085 usus
2038 5043 2115 5100 sum,

277 5124 409 5190 abiciam
431 5127 545 5212 duplex
567 5134 614 5193 est
636 5149 736 5194 causa.
782 5130 887 5212 Atque
908 5130 1045 5215 primurn
1066 5129 1191 5212 quidem
1213 5126 1382 5192 auctoritas
1405 5124 1701 5200 Alexandrinorum,
1724 5145 1786 5206 qua
1808 5122 1967 5188 Catullum
1988 5143 2115 5208 prorsus

276 5226 405 5290 ductum
427 5250 490 5291 essa
519 5230 669 5308 vidimus,
702 5232 742 5295 ud
769 5229 928 5295 Tibullum
956 5231 1034 5295 nihil
1061 5229 1200 5316 pertinet
1228 5247 1329 5310 neque
1355 5247 1486 5310 usquam
1511 5225 1637 5289 omnino
1658 5225 1692 5289 in
1725 5225 1789 5289 eius
1812 5224 2000 5290 staminibus
2023 5223 2116 5287 ullius
