4726 5954
1158 434 1199 502 10

256 636 430 704 sententiae
451 638 536 703 aliud
559 641 606 703 est
627 645 724 722 atquc
744 640 968 717 secundariae,
982 640 1067 706 salva
1087 644 1208 716 tamen,
1229 647 1266 705 ut
1287 661 1423 724 semper,
1445 639 1596 707 orationis
1616 641 1840 728 perspicuitate
1861 643 1900 724 (1,
1921 651 1950 724 6,
1967 648 2023 726 71;
2045 650 2089 728 Il,

255 740 287 820 4,
309 742 374 818 53),
395 761 459 804 666
479 761 553 806 vero
576 739 609 805 16
630 741 738 805 eedem
761 740 1050 806 constructionem
1072 741 1218 806 licentiae
1238 762 1422 827 progressus
1444 751 1507 820 est,
1533 751 1571 809 nt
1591 766 1650 829 pro
1671 743 1828 811 1611611166
1850 753 1993 814 uteretur
2013 773 2086 836 par-

258 840 369 926 ticipio
390 841 478 907 velut
500 839 658 928 Vergilius
680 843 714 906 in
729 863 839 928 georg.
863 841 904 920 ll,
919 844 981 909 510
1004 843 1162 929 ,gaudent
1176 841 1296 928 perfusi
1310 843 1463 929 sanguine
1483 845 1634 910 trauum‘*
1649 866 1707 930 pro
1729 867 1769 910 se
1789 849 1970 932 pertusos
1993 872 2089 930 esse,

220 1017 225 1022 ¹
256 941 396 1026 itemque
417 941 451 1007 in
472 943 550 1009 Aen.
573 943 618 1022 X,
646 945 710 1010 500
732 951 764 1010 et
784 943 936 1010 Horatius
957 944 990 1008 16
1011 966 1106 1010 carm.
1128 943 1193 1022 III,
1215 945 1244 1022 4,
1268 945 1318 1008 73.
1361 943 1399 1008 ln
1420 947 1585 1013 modorum
1607 947 1741 1029 denique
1767 955 1800 1012 et
1826 953 2006 1034 temporum
2028 975 2086 1020 usu

257 1045 344 1128 quod
362 1066 427 1109 nou
447 1065 570 1130 semper
588 1045 675 1130 leges
696 1044 915 1130 grammaticas
937 1067 1042 1111 sevam
1063 1045 1256 1122 observavit,
1284 1045 1370 1110 velut
1392 1044 1417 1123 I,
1437 1047 1467 1124 4,
1489 1049 1546 1122 63,
1579 1045 1608 1123 8,
1631 1049 1687 1122 22;
1720 1045 1762 1125 Il,
1784 1049 1813 1126 4,
1847 1050 1875 1128 7,
1894 1059 1927 1116 et
1961 1053 2089 1120 omniuo

258 1150 423 1230 poetarum
446 1151 493 1212 est
513 1153 547 1212 et
568 1153 733 1212 excusator
754 1169 790 1212 eo
813 1147 897 1231 quod
917 1146 950 1212 iu
972 1146 1134 1212 sententiis
1155 1145 1415 1212 conditionalibus
1437 1156 1470 1212 et
1491 1145 1650 1232 optativis,
1671 1146 1705 1212 in
1726 1147 1837 1232 quibus
1858 1151 1930 1217 solis
1945 1153 2006 1219 hoc
2029 1155 2090 1220 sibi

254 1246 403 1334 sumpsit,
423 1268 510 1312 mens
531 1246 652 1312 facilius
674 1271 693 1311 a
714 1270 748 1312 re
770 1249 845 1313 licta
873 1248 913 1312 ad
934 1270 1040 1313 veram
1068 1254 1101 1313 et
1126 1273 1146 1314 a
1166 1249 1337 1334 praeterita
1369 1249 1409 1313 ad
1436 1254 1633 1333 praesentem
1664 1248 1907 1320 66666666161.
1930 1291 1970 1302 -
1993 1254 2091 1322 Haud

259 1349 360 1436 igitur
380 1371 471 1434 saepe
490 1347 631 1413 Tibullus
653 1371 672 1412 a
694 1349 850 1414 communi
870 1348 1018 1434 loquendi
1038 1371 1098 1415 usu
1118 1349 1260 1427 recessit,
1281 1371 1383 1433 neque
1404 1353 1511 1415 tamen
1532 1350 1656 1414 6166166
1669 1350 1847 1436 ignorasse,
1868 1353 2000 1440 elegiam
2016 1378 2087 1422 cum

256 1450 415 1538 pertineat
440 1449 481 1513 ad
507 1471 612 1514 seusus
640 1451 831 1535 affectusque
858 1450 1088 1535 exprimendos,
1121 1451 1175 1535 qui
1196 1473 1260 1516 non
1281 1473 1353 1516 raro
1383 1455 1505 1516 certum
1530 1451 1699 1535 repudiant
1725 1451 1880 1533 ordinem,
1913 1457 2088 1524 naturalem

262 1553 420 1636 quandum
441 1550 667 1636 negligentium
693 1574 756 1616 nou
782 1553 863 1616 male
885 1552 1007 1624 decere,
1039 1551 1089 1616 cui
1116 1575 1152 1616 eo
1175 1552 1322 1618 libentius
1343 1552 1486 1630 indulsit,
1518 1551 1573 1618 ubi
1593 1553 1774 1638 postulabat
1799 1555 1893 1620 metri
1914 1558 2087 1638 necessitas,

255 1675 320 1736 qua
340 1653 390 1718 vel
412 1652 546 1738 optimos
567 1658 676 1738 poetas
698 1675 922 1738 nonnunquam
943 1657 1066 1718 coactos
1086 1653 1304 1740 161666666661
1325 1677 1389 1720 666
1410 1659 1524 1740 potest.
1556 1653 1625 1719 Hoc
1646 1659 1751 1720 autem
1772 1656 1867 1722 ruodo
1891 1657 1985 1724 etiam
2006 1661 2089 1746 figu-

255 1777 310 1820 rae
332 1755 484 1838 quaedam
504 1755 672 1820 verborum
694 1753 770 1818 mibi
792 1755 938 1820 ridentur
960 1754 1108 1840 explicari
1128 1777 1234 1841 posse,
1256 1777 1336 1840 quae
1358 1756 1398 1820 ab
1419 1755 1466 1833 iis,
1488 1757 1543 1840 qui
1564 1755 1598 1820 in
1619 1763 1689 1822 arte
1709 1763 1876 1843 poetarum
1897 1760 2088 1827 aestimanda

256 1855 346 1920 nimii
366 1860 455 1934 sunt,
477 1856 683 1922 6116666166
705 1855 845 1942 6666116
867 1855 1036 1942 diligenter
1057 1858 1234 1940 quaesitum
1256 1856 1364 1921 referri
1387 1856 1497 1922 solent.
1542 1857 1617 1936 Quis
1644 1865 1750 1924 autem
1777 1857 1811 1924 in
1832 1882 1923 1925 versu
1945 1860 1971 1938 1,
1993 1863 2023 1939 2,
2045 1865 2084 1930 86

257 1964 309 2035 „et
330 1957 478 2022 miserum
498 1963 607 2022 sancto
630 1957 761 2023 tundere
782 1966 873 2042 poste
899 1961 1010 2042 sapor
1031 1981 1088 2044 per
1108 1957 1313 2044 hypallagen,
1341 1981 1420 2042 quae
1441 1960 1544 2045 figura
1564 1961 1601 2024 fit
1622 1982 1694 2024 cum
1716 1961 1778 2026 duo
1799 1983 1887 2027 casus
1915 1963 1956 2027 eb
1978 1963 2087 2030 eodem

257 2059 353 2124 verbe
375 2061 545 2144 pendentes
566 2059 648 2127 iuter
671 2081 703 2123 se
725 2065 958 2142 permutantur,
986 2063 1113 2142 poetam
1134 2083 1199 2125 esse
1221 2061 1361 2126 locutum
1381 2065 1475 2146 putat
1496 2082 1553 2126 uec
1574 2061 1679 2147 potius
1700 2061 1804 2149 siper
1825 2065 1960 2127 16616661
1981 2064 2088 2130 116616-

254 2168 320 2226 set:
341 2159 454 2224 misero
477 2160 580 2245 capite
600 2165 721 2245 postem
745 2159 877 2224 tundere
898 2163 1062 2226 sanctum?
1104 2161 1199 2227 Aliud
1220 2161 1311 2228 116166
1333 2163 1454 2247 figurae
1476 2163 1653 2248 exemplum
1674 2164 1723 2229 vel
1751 2161 1905 2250 Scaliger,
1933 2164 1983 2228 vir
2011 2166 2085 2230 doe-

256 2261 408 2338 tissimus,
429 2260 463 2326 in
484 2283 574 2327 versu
597 2261 621 2336 I,
645 2261 672 2338 7,
697 2263 734 2326 16
758 2261 907 2346 „frigidas
929 2261 1069 2327 intonsos
1090 2262 1210 2328 Taurus
1232 2270 1301 2330 urat
1323 2263 1451 2328 Cilicas“
1481 2266 1634 2331 invenisse
1662 2266 1722 2331 sibi
1743 2267 1826 2330 visus
1852 2265 1899 2330 ita
1929 2265 2086 2351 iuterpre-

257 2368 341 2430 tatus
363 2367 411 2428 est
431 2370 581 2447 tanquam
604 2362 722 2427 dictum
744 2371 824 2427 esset
844 2385 918 2448 pro:
939 2363 1090 2450 frigidum
1110 2363 1249 2430 Taurum
1271 2367 1387 2432 intonsi
1410 2365 1522 2430 Cilices
1543 2371 1650 2444 arant;
1678 2369 1733 2432 ubi
1755 2367 1818 2432 ism
1840 2366 1892 2431 diu
1920 2365 1993 2432 Itali
2012 2369 2085 2433 sub·

255 2465 371 2531 tilioris
392 2465 578 2549 plerumque
599 2464 708 2529 iudicii
729 2464 915 2549 interpretes
938 2470 970 2530 et
991 2465 1220 2543 emendatores,
1241 2489 1312 2530 cnm
1333 2466 1553 2552 intellegerent
1574 2466 1655 2533 banc
1676 2468 1839 2534 audaciam
1868 2467 2086 2535 aTibolliaua

257 2567 462 2651 simplicitate
482 2567 617 2632 alienam
638 2588 717 2642 esse,
738 2587 797 2650 pro
819 2566 916 2631 verbo
936 2574 1026 2632 arat
1048 2565 1237 2652 scripserunt
1259 2568 1349 2634 alat.
1393 2567 1504 2652 Neque
1525 2569 1617 2633 aliter
1646 2575 1748 2634 ortam
1775 2592 1840 2634 esse
1870 2591 1977 2636 censeo
2000 2570 2087 2636 illam

259 2668 411 2753 figuram,
433 2689 528 2750 quam
548 2667 660 2733 Graeci
683 2667 746 2730 dud
769 2673 871 2730 κοινοῦ
892 2667 1065 2751 appellant,
1093 2669 1242 2751 cuiusque
1264 2671 1404 2754 exempla
1432 2671 1516 2754 apud
1543 2670 1700 2735 Tibullum
1733 2671 1810 2735 baec
1838 2672 2042 2738 inveniuntur
2063 2671 2088 2749 1,

260 2771 287 2848 1,
310 2770 367 2844 51;
389 2769 418 2846 4,
440 2770 475 2844 2;
498 2771 527 2846 5,
549 2769 604 2844 34;
627 2773 656 2845 6,
679 2769 735 2844 81;
758 2769 787 2844 8,
809 2769 843 2844 2;
868 2767 891 2847 Ι,
913 2771 942 2846 2,
965 2771 1020 2846 40;
1044 2769 1084 2847 ΙΙ,
1106 2772 1136 2846 5,
1156 2772 1213 2846 22;
1234 2775 1263 2847 6,
1285 2772 1336 2836 23.
1380 2771 1461 2838 Sunt
1482 2771 1609 2854 quidem
1630 2772 1685 2855 qui
1706 2776 1829 2855 putent,
1850 2771 1937 2836 illam
1952 2774 2088 2858 figuram

257 2869 400 2954 6666116
422 2871 563 2936 66666116
584 2877 769 2954 usurpatam
792 2891 856 2934 esse
878 2879 910 2934 61
932 2871 977 2937 116
999 2871 1212 2957 explicandam
1234 2876 1270 2937 ut
1291 2871 1486 2948 vocabulum,
1507 2872 1592 2956 quod
1612 2871 1673 2935 dab
1696 2879 1799 2935 κοινοῦ
1820 2873 1959 2958 ponitur,
1981 2883 2085 2940 mente

258 2973 426 3057 dupliciter
447 2972 692 3058 intellegendum
713 2973 755 3036 sit
775 2977 820 3048 et,
842 2979 879 3036 ut
900 2973 1039 3057 exemplo
1063 2979 1150 3050 utar,
1172 2974 1270 3050 „hanc
1291 2975 1394 3037 animo
1417 2975 1575 3059 gaudente
1596 2971 1704 3038 vident
1718 2973 1929 3058 iuvenumque
1944 2983 2084 3040 catervae

257 3080 519 3139 commemorant“
541 3073 684 3138 Tibullus
707 3073 819 3138 dixerit
839 3096 897 3158 pro
920 3074 1018 3151 „hauc
1041 3075 1145 3140 animo
1167 3075 1325 3160 gaudente
1346 3075 1454 3139 vident
1476 3077 1624 3140 iuvenum
1646 3079 1789 3138 catervae
1804 3073 2011 3158 iuvenumque
2033 3097 2084 3138 ca-

259 3182 364 3241 tervae
387 3183 659 3240 commemorant.“
702 3174 815 3240 Nonne
835 3197 909 3241 vero
943 3176 1064 3241 facilius
1087 3181 1134 3240 661
1156 3177 1294 3260 opinari,
1326 3183 1452 3261 poetam
1473 3199 1675 3242 numerorum
1697 3175 1805 3259 iuopia
1826 3183 1968 3240 coactum
1989 3177 2085 3242 verba

256 3277 363 3363 paullo
386 3276 515 3340 liberius
538 3276 718 3354 collocasse,
741 3299 813 3342 cum
833 3277 986 3343 collocare
1007 3279 1134 3343 deberet
1156 3279 1253 3356 ,hanc
1276 3279 1380 3344 animo
1402 3279 1560 3364 gaudente
1582 3277 1689 3342 vident
1710 3281 2013 3360 commemorautque
2034 3277 2084 3341 iu·

257 3401 373 3443 venum
393 3383 575 3443 aremare
618 3379 704 3455 Quae
724 3379 830 3464 opinio
853 3380 984 3444 firlcitur
1005 3402 1041 3445 66
1064 3382 1148 3464 quod
1175 3380 1317 3445 Tibullus
1340 3379 1481 3444 emnium
1506 3386 1672 3465 poetarum
1699 3381 1732 3442 16
1760 3379 1926 3443 verborum
1953 3379 2086 3444 colloca-

258 3482 344 3546 tione
365 3479 431 3544 fcre
452 3479 629 3544 liberrimus
652 3488 707 3546 est.
753 3481 828 3558 Quis
851 3483 934 3546 enim
963 3481 1104 3546 ordinem
1126 3483 1273 3547 audacius
1294 3481 1425 3547 invertit
1446 3502 1540 3563 quem
1561 3481 1628 3558 ille,
1649 3481 1736 3546 velut
1758 3483 1791 3544 iu
1811 3503 1902 3544 versu
1925 3481 2088 3564 ,61116666

257 3582 298 3646 ab
319 3579 453 3646 Α666616
477 3581 603 3646 condita
624 3583 719 3667 louge
741 3583 835 3646 duce“
869 3583 919 3648 vel
939 3585 974 3647 in
994 3584 1073 3648 alio:
1107 3583 1278 3667 „quidquid
1307 3591 1375 3648 crat
1402 3583 1541 3646 medicae
1574 3583 1692 3647 vicerat
1714 3582 1791 3647 artis
1812 3590 1920 3648 amor‘
1952 3584 2087 3667 saepius.

346 3683 407 3749 Sed
429 3681 537 3766 66116
557 3684 684 3765 quidem
706 3673 829 3748 16611616
851 3683 1058 3768 simplicitatis
1080 3693 1174 3769 atque
1195 3683 1443 3770 perspicuitatis,
1466 3705 1560 3768 qnam
1580 3682 1614 3747 in
1644 3683 1833 3748 carminibus
1855 3686 1928 3766 ‚eius
1954 3684 2087 3748 maxime

257 3784 464 3861 admiramur,
484 3782 628 3848 imminui
649 3785 751 3849 velim.
794 3785 920 3849 Etenim
941 3808 1013 3850 cum
1034 3787 1114 3852 hanc
1135 3787 1193 3852 sibi
1223 3789 1400 3870 imponeret
1420 3786 1535 3870 legem,
1564 3791 1601 3848 61
1622 3783 1762 3848 distichis
1789 3785 1920 3870 singulis
1947 3783 2084 3868 singulas

258 3886 456 3950 concluderet
477 3886 663 3963 sententias,
686 3885 895 3966 certe'licuit,
918 3889 1002 3954 intra
1023 3911 1131 3954 eorum
1151 3891 1227 3952 fines
1247 3887 1375 3951 liberius
1396 3893 1428 3950 sb
1450 3909 1574 3972 gerere,
1596 3907 1696 3969 neque
1723 3895 1828 3951 tamen
1849 3886 1895 3952 116
1916 3893 1952 3949 61
1982 3885 2084 3949 oratio

257 3995 440 4054 occaecatur
462 3994 494 4053 et
514 4011 621 4054 seusus
643 3988 764 4054 oriatur
784 3988 834 4052 661
855 3989 1021 4074 ambiguus
1043 3991 1091 4054 661
1113 3990 1275 4055 absurdus.
1320 3987 1389 4052 Huc
1419 3989 1553 4064 accedit,
1582 3989 1668 4070 quod
1688 3989 1793 4062 nobis,
1823 4007 1956 4070 quorum
1977 3985 2087 4070 lingua

257 4089 356 4155 literis
377 4089 439 4153 illis
460 4089 663 4174 syllabisque,
686 4092 801 4173 quibus
822 4091 923 4155 affixis
944 4091 1060 4178 singuli
1083 4091 1296 4158 declinationis
1318 4112 1406 4155 66666
1429 4089 1661 4168 discernuntur,
1688 4111 1802 4174 magna
1825 4110 1862 4152 ex
1881 4092 1972 4172 parte
1994 4086 2088 4151 amis-

256 4192 312 4270 616,
335 4197 434 4256 certas
454 4191 595 4276 postulet
616 4193 700 4278 leges
722 4193 953 4271 collocationis,
974 4194 1164 4279 permultum
1185 4194 1310 4258 videtur
1331 4192 1493 4268 audacius,
1515 4192 1599 4275 quod
1618 4191 1828 4255 1166666666
1849 4209 1940 4254 aures
1962 4189 2016 4252 vix
2040 4188 2087 4252 61-

258 4293 390 4358 fendissc
410 4293 586 4377 putandum
607 4301 663 4358 est.
708 4295 758 4359 Ad
779 4294 871 4360 metri
892 4296 1121 4372 necessitatem,
1143 4301 1179 4359 61
1201 4317 1238 4360 66
1260 4296 1399 4372 redeam,
1431 4294 1549 4378 inqua
1580 4292 1736 4358 interdum
1769 4312 1877 4355 causas
1910 4291 2086 4376 figurarum

258 4397 356 4459 inesse
376 4416 500 4472 censeo,
522 4399 684 4478 praeterea
707 4397 848 4481 exempla
869 4398 1019 4463 nonnulla
1040 4398 1156 4483 ellipsis
1178 4420 1258 4480 quae
1280 4405 1411 4462 vocatur
1432 4395 1595 4461 referenda
1616 4393 1692 4458 mihi
1720 4392 1868 4456 videntur
1896 4414 1970 4456 6666.
2014 4391 2085 4456 Nou

258 4496 326 4562 dico
349 4495 471 4581 ellipsin
492 4496 581 4561 verbi
602 4498 790 4563 substantivi
812 4521 877 4564 esse
900 4497 938 4582 (Ι,
961 4503 989 4576 3,
1011 4501 1068 4576 49;
1101 4498 1422 4576 11,3,29;5,107;
1454 4497 1509 4575 IV,
1531 4504 1561 4575 6,
1585 4498 1636 4580 10)
1658 4495 1707 4558 661
1728 4493 1904 4580 particulae
1924 4493 2082 4578 optativae

258 4597 440 4682 61166611,
464 4600 512 4676 10,
537 4600 589 4682 ll)
611 4600 660 4664 vel
683 4599 817 4682 denique
835 4602 1105 4666 substantivorum
1134 4598 1171 4683 (l,
1195 4600 1301 4676 1,38;
1329 4601 1377 4676 10,
1399 4599 1469 4682 43),
1499 4623 1579 4683 quae
1601 4619 1706 4664 omnes
1734 4595 1864 4662 leviores
1895 4600 1966 4659 suut
1993 4599 2025 4657 ct
2046 4614 2086 4658 nc

258 4701 297 4765 ab
320 4701 447 4786 optimis
470 4701 598 4784 quidem
619 4702 770 4767 orationis
796 4703 917 4766 solutae
944 4700 1149 4786 scriptoribus
1177 4699 1359 4784 fugiuntur,
1391 4700 1536 4766 sedeam
1558 4701 1642 4778 dico,
1676 4721 1756 4783 quae
1777 4699 1815 4763 fit
1836 4719 1905 4762 cum
1937 4694 2087 4760 adverbia

258 4823 329 4865 oum
348 4802 551 4868 substantivis
572 4802 618 4868 ita
632 4803 883 4888 coniungrmtur,
904 4810 942 4868 ut
962 4803 1166 4888 participium
1179 4803 1309 4884 aliquod
1329 4807 1433 4867 mente
1448 4803 1695 4887 intellegendum
1710 4803 1752 4867 sit
1774 4807 1811 4864 ut
1833 4801 1969 4863 inversu
1992 4818 2085 4873 „con-

257 4903 445 4986 cubitusque
466 4908 537 4986 tuor
558 4903 669 4968 furtim
690 4904 848 4987 vittasque
869 4905 1036 4982 iacentes“,
1067 4903 1123 4968 ubi
1152 4903 1262 4969 Graeci
1287 4904 1435 4968 dixissent
1466 4903 1555 4977 εὐνὰς
1581 4907 1637 4979 τὰς
1660 4902 1764 4985 λάθρα
1787 4901 1887 4977 eebor.
1930 4897 2005 4975 Quis
2028 4898 2085 4962 du·

257 5004 355 5082 bitat,
377 5006 455 5086 quin
475 5003 617 5068 Tibullus
639 5005 690 5070 hic
712 5007 866 5071 adiectivo
888 5005 1082 5084 furtivus,
1103 5007 1187 5088 quod
1210 5027 1279 5070 cum
1302 5005 1445 5070 omnibus
1466 5005 1567 5090 poetis
1589 5013 1658 5070 tum
1679 5005 1740 5090 ipsi
1756 5006 1909 5069 usitatum
1931 5007 1992 5077 cst,
2011 5022 2086 5064 usus

257 5104 381 5183 fuisset,
403 5105 463 5168 nisi
484 5113 584 5171 metro
606 5107 723 5172 servire
758 5117 884 5173 coactus
906 5113 995 5174 66661.
1040 5106 1102 5170 Per
1128 5107 1256 5171 candem
1279 5107 1401 5193 ellipsin
1432 5109 1554 5192 saepius
1581 5113 1677 5193 poeta
1702 5105 1967 5191 praepositionem
1995 5108 2087 5167 ante

257 5205 362 5291 posuit
384 5206 421 5290 (l,
447 5209 494 5284 10,
515 5209 570 5284 68;
593 5207 635 5285 Π,
659 5209 760 5287 1,24,
783 5209 836 5285 783
860 5212 888 5288 6,
910 5210 967 5285 24;
990 5208 1015 5285 1,
1037 5210 1066 5286 2,
1088 5208 1142 5290 67)
1165 5209 1259 5291 idque
1280 5246 1320 5256 -
1343 5209 1429 5292 quod
1448 5217 1532 5276 certe
1554 5231 1618 5274 uon
1639 5228 1713 5273 casu
1734 5206 1855 5270 factum
1877 5213 1924 5270 cst
1946 5245 1985 5255 -
2008 5226 2089 5269 sem-
