4726 5954
337 1587 613 1722 Tibullus
658 1599 951 1758 quantum
995 1587 1061 1722 iu
1105 1587 1271 1760 poesi
1315 1587 1581 1760 elegiaca
1624 1589 1943 1758 profecerit

825 1809 1168 1971 comparato
1213 1799 1460 1934 catullo.
1524 1927 1531 1942 .

933 2113 936 2118 ,
1004 2093 1299 2137 -.-m..-
1330 2115 1337 2118 .

230 2421 298 2558 Ut
320 2515 425 2558 omnes
447 2499 529 2556 artes
550 2491 721 2574 literaeque
749 2491 839 2556 initio
867 2493 1007 2558 rudiores
1035 2499 1067 2558 et
1088 2518 1198 2580 parum
1225 2495 1381 2580 perfectae
1409 2499 1496 2571 sunt,
1529 2515 1629 2576 neque
1651 2493 1814 2577 quisquam
1847 2491 1933 2556 cuius
1955 2492 2057 2577 operis

228 2595 348 2680 primus
369 2597 479 2657 auctor
500 2598 547 2656 est
561 2592 594 2655 iu
616 2615 652 2656 eo
675 2593 805 2669 excellit,
827 2592 870 2657 sic
891 2593 1000 2678 poesin
1021 2595 1189 2680 elegiacam
1210 2597 1292 2661 inter
1313 2595 1469 2660 Romnum
1489 2600 1562 2660 ante
1578 2595 1735 2660 Catullum
1757 2595 1894 2659 nondum
1916 2593 2055 2658 floruisse

228 2695 283 2758 sed
304 2694 343 2758 ab
366 2715 403 2758 ec
424 2693 548 2758 initium
570 2693 686 2778 cepisse
708 2694 828 2759 etiamsi
849 2693 928 2758 nihil
948 2717 1075 2780 prorsus
1097 2704 1262 2776 constaret,
1282 2703 1387 2762 tamen
1407 2719 1445 2760 ex
1466 2695 1542 2782 ipsis
1571 2696 1636 2760 eius
1660 2695 1767 2780 elegiis
1790 2695 1930 2760 conicere
1950 2717 2055 2780 posse-

228 2816 306 2860 mus.
351 2795 433 2871 Quas
454 2795 480 2860 si
501 2817 572 2859 cum
594 2795 703 2860 ceteris
719 2795 890 2860 minoribns
905 2796 1092 2863 carminibus
1113 2798 1195 2864 illius
1210 2821 1372 2883 comparas
1394 2821 1493 2883 prope
1516 2797 1654 2874 dubites,
1676 2819 1752 2860 num
1772 2797 1935 2862 abeodem
1957 2796 2055 2882 scrip-

227 2904 279 2961 tae
300 2895 370 2960 siut.
415 2895 496 2962 Nam
517 2895 593 2961 haec
615 2903 681 2962 tam
701 2897 812 2962 leviter
831 2898 933 2962 fluunt
955 2905 987 2963 et
1008 2921 1083 2984 prae
1104 2922 1136 2963 se
1158 2903 1223 2965 tam
1238 2899 1359 2964 felicem
1387 2898 1569 2965 facilitatem
1590 2899 1703 2974 ferunt,
1724 2905 1761 2963 ut
1782 2903 1875 2983 poeta
1897 2896 2057 2983 aptissima

227 3019 369 3082 quaeque
391 2999 486 3063 verba
507 3003 539 3062 et
559 2998 727 3064 sententias
747 2998 830 3063 illico
845 2998 997 3066 invenisse
1019 3001 1173 3077 videatur,
1196 3007 1306 3065 contra
1326 3001 1399 3066 illae
1421 2999 1551 3066 studiosi
1573 3005 1604 3064 et
1626 3000 1748 3064 molesti
1770 3000 1883 3064 laboris
1905 2998 2054 3084 suspicio-

227 3122 298 3164 nem
320 3105 455 3165 morent.
500 3099 587 3164 Idem
617 3105 736 3165 veteres
764 3121 888 3184 quoque
916 3102 955 3166 de
981 3101 1042 3166 illis
1072 3101 1217 3166 videntur
1245 3102 1382 3168 sensisse.
1426 3100 1551 3166 Etenim
1580 3122 1650 3165 cum
1679 3123 1769 3165 nemo
1798 3101 1961 3166 literarum
1988 3105 2054 3166 tam

226 3201 354 3286 ignarus
376 3201 450 3276 fuit,
472 3200 548 3284 quin
569 3222 640 3264 cum
661 3201 723 3268 alia
743 3207 812 3266 tum
832 3203 886 3267 illa
907 3203 968 3268 duo
990 3204 1178 3290 lepidissima
1200 3203 1351 3280 carmina,
1374 3225 1453 3286 quae
1475 3203 1513 3266 de
1534 3225 1658 3286 passere
1676 3201 1804 3267 Lesbiae
1824 3209 1914 3278 sunt,
1935 3203 2054 3286 legeret

227 3309 321 3387 atque
342 3303 564 3377 admiraretur,
586 3303 756 3388 elegiarum
771 3303 823 3368 vix
842 3304 1031 3370 mentionem
1061 3305 1190 3371 faciunt.
1234 3304 1315 3369 Nam
1336 3311 1372 3369 ut
1394 3305 1542 3370 nonnulla
1563 3305 1688 3368 illorum
1709 3304 1886 3370 testimonia
1908 3303 1958 3367 hic
1980 3303 2056 3367 affe-

226 3426 295 3469 ram
316 3403 444 3470 Ovidius
459 3404 483 3487 ¹)
506 3410 538 3468 et
558 3404 740 3490 Propertius
755 3406 789 3488 ²),
811 3427 881 3469 cnm
897 3407 1054 3471 Catullum
1069 3407 1229 3492 appellant
1249 3407 1412 3484 lascivum,
1434 3407 1472 3472 de
1488 3406 1626 3471 versibus
1648 3406 1712 3470 eius
1727 3406 1855 3470 minutis
1876 3403 2053 3488 saepissime

228 3527 339 3590 parum
361 3505 541 3570 verecundis
562 3529 663 3590 neque
692 3508 729 3570 de
752 3506 858 3592 elegiis
880 3529 912 3573 se
934 3509 1087 3593 cogitasse
1115 3513 1284 3584 testantur,
1305 3509 1442 3592 itemque
1464 3507 1613 3573 Horatius
1625 3509 1650 3590 ³)
1673 3509 1711 3572 de
1732 3505 1854 3572 Catullo
1878 3508 2056 3570 Anacreon-

226 3607 266 3671 tis
288 3611 320 3671 et
342 3605 485 3690 Sapphus
507 3607 664 3672 imitatore
685 3631 717 3672 se
746 3608 830 3692 loqui
854 3611 949 3674 rerba
972 3632 1034 3694 quo
1056 3610 1157 3675 utitur
1178 3609 1324 3675 cantandi
1345 3615 1453 3695 aperte
1474 3609 1601 3675 iudicat.
1646 3607 1754 3693 Neque
1775 3608 1867 3673 aliter
1887 3606 2004 3671 Gellius
2019 3608 2053 3690 ⁴);

227 3707 434 3784 Quintilianus
447 3706 472 3790 ⁴⁵)
496 3708 628 3792 denique
643 3710 697 3773 ubi
719 3710 890 3796 elegiarum
905 3710 1071 3796 scriptores
1092 3711 1248 3776 Romanos
1270 3711 1579 3777 honorificentissime
1594 3715 1817 3774 commemorat
1839 3731 1877 3773 ne
1898 3730 1961 3772 uno
1984 3707 2053 3791 qni-

227 3810 296 3873 dem
318 3809 413 3873 verbo
436 3809 573 3894 appellat
594 3811 759 3877 Catullum.
804 3811 913 3896 Neque
944 3817 1047 3878 tamen
1069 3812 1142 3878 licet
1170 3814 1259 3878 nobis
1282 3821 1337 3878 aut
1365 3815 1423 3878 hoc
1446 3816 1587 3877 ueterum
1615 3811 1738 3875 silentio
1766 3810 1916 3895 permotis
1938 3808 2051 3874 Catulli

225 3910 333 3995 poesin
355 3910 524 3996 elegiacam
545 3909 635 3975 nimis
656 3912 746 3997 parri
767 3913 930 3978 aestimare
952 3920 1007 3979 aut
1026 3915 1059 3978 in
1075 3916 1263 3980 contrarium
1288 3937 1424 3979 errorem
1445 3914 1551 3979 induci
1565 3913 1699 3998 Gruppii
1711 3912 1739 3995 6)
1761 3911 1890 3988 iudicio,
1912 3911 1966 3994 qui
1981 3911 2051 3996 pul-

225 4011 410 4076 cherrimam
426 4011 596 4097 elegiarum
610 4011 781 4097 (LXVIII),
798 4015 896 4096 qualis
911 4015 988 4079 mihi
1003 4017 1128 4100 quidem
1144 4018 1266 4081 videtur
1284 4039 1356 4092 csse,
1373 4037 1443 4079 cum
1457 4017 1498 4080 sit
1511 4016 1649 4100 indigna,
1665 4037 1744 4098 quae
1759 4012 1881 4078 Catullo
1896 4012 2052 4076 adscriba-

225 4118 292 4190 tur,
314 4115 353 4179 ab
373 4114 479 4199 inepto
501 4113 726 4201 interpolatore
740 4115 884 4200 illiusque
905 4117 1062 4183 imitatore
1085 4119 1233 4204 scriptam
1253 4141 1317 4184 esse
1339 4122 1439 4204 putat.
1477 4119 1577 4194 Quam
1593 4115 1761 4181 doctissimi
1776 4114 1835 4178 riri
1854 4111 2048 4186 sententiam,

226 4214 284 4278 nisi
305 4215 502 4300 graviorffius
524 4219 725 4282 confirmetur
751 4218 958 4303 argumentis,
980 4219 1124 4302 equidem
1145 4240 1182 4284 eo
1204 4221 1303 4306 magis
1324 4219 1439 4285 invitus
1461 4241 1586 4302 sequar,
1609 4217 1683 4301 quia
1703 4217 1854 4292 dolerem,
1884 4213 1938 4279 tali
1959 4213 2052 4277 modo

226 4315 387 4380 materiam
408 4339 465 4402 per
485 4340 518 4382 se
539 4317 684 4404 exiguam
706 4319 873 4384 admodum
893 4319 991 4383 minui
1013 4326 1045 4385 et
1066 4320 1304 4386 fundamentum
1330 4320 1418 4405 quasi
1445 4320 1521 4385 milri
1549 4320 1705 4397 subtrahi,
1738 4340 1800 4402 quo
1827 4317 1926 4393 nisus,
1954 4337 2053 4397 quan-

225 4422 293 4480 tum
315 4415 437 4482 Catullo
459 4427 639 4505 comparato
660 4421 693 4486 in
714 4421 800 4507 poesi
822 4420 959 4506 elegiaca
979 4422 1148 4506 profecerit
1168 4422 1318 4500 Tibullus,
1342 4423 1608 4488 demonstraturus
1629 4443 1707 4487 sum.

309 4517 478 4602 Utriusque
499 4525 610 4604 poetae
632 4545 682 4588 ars
705 4544 776 4587 cum
798 4524 838 4588 ab
859 4522 927 4588 aliis
948 4522 1051 4588 obiter
1071 4529 1140 4588 tum
1162 4548 1181 4590 a
1202 4521 1359 4611 Gruppid,
1378 4525 1543 4600 Paldamo,
1572 4523 1713 4589 Dissenio
1741 4527 1806 4586 tam
1828 4521 1970 4582 accurate
2000 4517 2053 4580 de-

278 4823 304 4890 l)
327 4824 395 4876 trist
415 4823 446 4883 ll,
464 4823 523 4874 427.

273 4908 303 4974 2)
327 4907 372 4970 Ill,
390 4907 431 4969 33,
450 4907 482 4960 87
501 4908 551 4970 (ed.
571 4906 690 4972 Lachm)

275 4994 303 5060 3)
327 4994 402 5048 satir.
422 4995 440 5053 l,
463 4992 500 5054 ld,
522 4993 560 5046 lc.

273 5078 303 5145 4)
326 5080 406 5133 Nost.
424 5080 478 5132 Arc
497 5079 568 5140 xlx,
586 5080 611 5130 9.

274 5163 302 5225 5)
326 5164 359 5228 Χ,
381 5166 401 5225 Ι,
421 5163 438 5232 §
456 5165 497 5216 9³.

274 5248 301 5314 6)
323 5248 413 5302 Minos
431 5265 493 5317 pag.
513 5249 572 5305 503.
