4726 5954
1148 436 1170 502 8

1228 523 1263 532 -ae

241 645 427 710 imitationis
449 643 584 727 vestigia
604 649 774 727 apparent;
798 640 911 704 deinde
938 640 1023 723 quod
1045 647 1115 706 tota
1134 639 1237 724 poesis
1257 637 1437 702 Tibulliana
1458 645 1524 702 tam
1546 644 1614 702 arte
1641 658 1713 700 cum
1739 637 1824 701 vitae
1853 636 1919 700 eius
1948 637 2080 701 rationi-

238 747 297 810 bus
319 745 480 821 cohaeret,
506 751 544 810 ut
565 744 729 829 ingenium
750 750 862 826 poetae
890 750 923 806 et
952 749 1099 806 naturam
1125 742 1158 805 in
1185 739 1240 804 illa
1266 741 1347 804 mira
1373 739 1579 804 similitudine
1604 759 1780 822 expressam
1807 739 1997 803 intueamur.
2041 736 2079 800 In

239 847 327 912 illam
348 848 448 932 igitur
476 845 574 911 solam
600 845 795 928 inquinamus
828 850 860 906 et
882 844 928 908 ita
950 843 1077 925 quidem
1108 849 1146 906 ut
1167 842 1305 926 primum
1325 840 1459 906 formam
1491 839 1602 904 deinde
1631 846 1819 924 argumenta
1850 847 2026 923 spectemus
2048 845 2080 904 et

240 955 435 1031 quantopere
462 954 597 1030 utraque
624 967 658 1008 re
685 944 846 1009 Catullum
870 945 1067 1028 superaverit
1099 963 1331 1026 cognoscamus.
1376 940 1414 1006 In
1434 949 1508 1006 utra
1534 961 1642 1006 earum
1668 939 1812 1004 Tibullus
1844 941 1915 1025 plus
1945 939 2080 1005 valuerit

240 1049 368 1113 difficile
390 1057 438 1112 est
459 1047 643 1112 diiudicatu.
694 1046 890 1128 Quamquam
918 1045 1002 1108 enim
1028 1051 1165 1120 constat,
1198 1049 1306 1127 poetes
1329 1045 1441 1107 aetatis
1474 1042 1656 1128 Augustam
1676 1042 1743 1106 fere
1765 1065 1885 1120 omnes,
1918 1063 1991 1106 cum
2012 1063 2081 1106 car·

239 1151 326 1214 mina
346 1150 534 1226 scriberent,
557 1169 638 1230 quae
659 1168 724 1212 nou
745 1153 811 1212 tam
833 1147 867 1208 in
888 1145 1017 1230 publico
1040 1167 1135 1228 qnam
1157 1165 1265 1209 eoram
1286 1144 1382 1208 certis
1405 1145 1514 1208 amieis
1536 1142 1668 1208 eruditis
1689 1143 1891 1230 legebantur,
1920 1143 1953 1207 id
1980 1145 2081 1226 potis·

240 1253 355 1316 simum
378 1251 493 1334 egisse,
514 1255 553 1313 ut
574 1269 680 1312 versus
702 1269 797 1330 quam
823 1246 1062 1312 elaboratissimi
1085 1254 1201 1322 esseut,
1234 1245 1394 1310 tamenin
1426 1243 1552 1309 Tibullo
1573 1244 1643 1328 plus
1674 1253 1805 1310 naturae
1831 1245 1956 1310 ridetur
1985 1243 2080 1308 luisse

243 1374 339 1435 quam
361 1371 454 1415 curae
475 1357 571 1432 atque
593 1349 766 1414 industriae
788 1351 834 1414 ita
854 1355 892 1412 ut
913 1348 1156 1424 existimatores,
1179 1348 1234 1429 qui
1256 1347 1395 1412 cannina
1416 1345 1499 1410 illius
1520 1347 1633 1410 aetatis
1656 1368 1693 1410 ex
1721 1347 1841 1412 formae
1867 1345 2025 1430 elegantia
2047 1352 2079 1411 et

240 1454 409 1518 verborum
434 1450 671 1535 magnificentia
703 1451 867 1514 aestimare
897 1449 1013 1524 solent,
1047 1448 1132 1533 apud
1158 1469 1230 1512 eum
1248 1447 1341 1532 plura
1371 1448 1533 1512 inveniant
1563 1449 1596 1510 in
1628 1448 1742 1532 quibus
1764 1448 1953 1512 counIveant
1984 1468 2080 1530 quam

239 1553 325 1638 apud
347 1560 467 1618 ceteros
488 1558 608 1637 poetas.
652 1549 734 1616 Nam
754 1551 876 1616 numeri
900 1551 965 1614 eius
987 1551 1088 1636 magis
1110 1549 1269 1634 perspicui
1291 1555 1366 1613 sunt
1387 1569 1483 1631 quom
1503 1548 1648 1625 rotundi,
1676 1571 1778 1614 sermo
1800 1550 1901 1634 magis
1923 1549 2079 1613 suavitate

240 1663 273 1720 et
294 1653 491 1718 iucunditate
513 1673 607 1735 quam
629 1653 808 1738 splendore,
830 1651 966 1716 elocutio
989 1651 1123 1735 denique
1144 1651 1245 1735 magis
1266 1650 1470 1734 simplicitate
1492 1671 1587 1732 quam
1609 1651 1801 1714 ornamentis
1823 1650 2007 1734 ingeniique
2027 1671 2079 1713 ar-

239 1757 339 1841 gutiis
359 1755 481 1821 animos
502 1754 677 1841 legentium
698 1754 867 1820 oblectant.
911 1749 1146 1818 Nihilominus
1168 1760 1273 1817 tamen
1294 1750 1438 1815 Tibullus
1461 1750 1572 1816 obbas
1595 1751 1677 1835 ipsas
1699 1752 1842 1828 virtutes,
1864 1773 1936 1814 cum
1958 1757 2079 1816 certum

239 1857 371 1924 artificis
392 1876 512 1921 morem
533 1857 725 1940 modumque
751 1855 933 1930 ostendant,
964 1861 1003 1918 ut
1024 1853 1147 1919 Catullo
1170 1853 1270 1918 multo
1292 1859 1446 1938 praestat,
1479 1854 1525 1918 ita
1547 1853 1675 1938 optimis
1695 1875 1810 1918 aureae
1841 1853 1956 1918 aetatis
1977 1853 2080 1937 poetis

239 1957 491 2026 adnumerandis
513 1963 570 2022 est.
613 1955 675 2022 Sed
696 1964 734 2022 ut
755 1955 879 2042 singula
900 1977 1072 2040 persequar
1091 1955 1230 2040 primum
1258 1954 1425 2018 dicendum
1445 1954 1523 2019 mihi
1546 1955 1607 2019 erit
1629 1955 1667 2019 de
1688 1976 1839 2020 sermone.

324 2059 500 2144 Praecipua
521 2058 587 2124 laus
608 2065 788 2142 poetarum,
818 2059 873 2140 qui
894 2059 1041 2144 Angusto
1062 2065 1216 2141 regnante
1237 2056 1421 2132 floruerunt,
1443 2078 1480 2120 ea
1502 2064 1557 2132 est,
1580 2057 1665 2140 quod
1687 2057 1720 2119 ιιι
1743 2057 1847 2120 verbis
1868 2055 2020 2140 eligendis
2043 2054 2081 2117 iis

240 2161 476 2238 abstinuerunt,
499 2181 579 2242 quae
601 2159 725 2224 dimona
753 2167 786 2224 et
807 2159 934 2245 linguae
961 2167 1093 2224 naturae
1122 2158 1336 2241 repugnantia
1362 2158 1551 2224 videbantur
1573 2180 1646 2224 esse.
1691 2157 1804 2240 Itaque
1825 2179 1898 2220 cum
1919 2163 1951 2220 et
1978 2155 2080 2228 multa

240 2262 392 2328 eiusmodi
414 2283 435 2326 a
455 2260 614 2326 veteribus
636 2269 789 2345 usurpata
810 2282 938 2346 prorsus
970 2260 1174 2345 repudiarent
1195 2281 1298 2342 neque
1319 2279 1401 2324 nova
1419 2259 1577 2344 lingerent
1608 2267 1641 2324 et
1661 2260 1850 2336 formarent,
1878 2279 1941 2322 non
1962 2257 2078 2320 mirum

241 2372 289 2430 est
309 2385 366 2428 cur
387 2364 420 2426 ιιι
442 2382 551 2426 eorum
571 2363 725 2445 poematis
747 2363 916 2426 verborum
937 2360 1076 2446 supellex
1097 2383 1161 2424 uon
1182 2366 1247 2425 tam
1267 2361 1393 2444 eopiosa
1411 2361 1453 2424 sil
1470 2381 1566 2442 quam
1585 2365 1678 2424 autea
1700 2361 1812 2426 dierat.
1857 2359 1956 2442 quue
1977 2357 2079 2442 polite

242 2474 275 2532 at
295 2467 456 2550 eleganter
477 2463 629 2529 iecerunt.
673 2462 755 2530 Nam
778 2485 850 2530 cum
871 2464 981 2549 lingua
1002 2461 1135 2538 Graeca,
1164 2469 1239 2528 nota
1261 2463 1349 2544 quasi
1372 2465 1404 2526 et
1430 2461 1538 2525 adulta
1558 2482 1631 2526 cum
1659 2463 1761 2546 poesi,
1791 2462 1863 2525 inde
1893 2481 1964 2524 oum
1984 2480 2078 2523 sono·

241 2589 313 2632 rum
334 2567 523 2630 suavitatem
544 2570 577 2629 et
598 2564 793 2629 dulcedinem
814 2572 884 2631 tum
905 2585 1058 2628 summam
1080 2562 1249 2626 verborum
1270 2562 1531 2646 duplicandorum
1552 2562 1737 2627 facilitatem
1759 2567 1852 2628 nacta
1872 2569 1936 2638 est,
1965 2560 2080 2625 Latina

159 2695 162 2704 ·
241 2669 309 2734 sine
330 2667 385 2732 illa
406 2667 560 2732 adiutrice
581 2687 637 2751 per
659 2667 800 2748 quinque
820 2666 887 2730 fere
908 2666 1031 2731 saecula
1051 2666 1177 2729 exculta
1197 2664 1326 2728 minime
1347 2665 1388 2728 ad
1409 2662 1490 2728 hauc
1516 2663 1652 2728 novandi
1682 2665 1807 2749 copiam
1834 2663 2082 2746 facultatemque

242 2775 318 2854 apta
339 2773 386 2832 est
407 2769 487 2832 etsi
509 2788 589 2850 quae
611 2773 731 2832 veteres
753 2773 865 2850 poetae
886 2769 920 2831 ιιι
941 2766 1000 2831 hae
1020 2789 1055 2830 re
1070 2766 1162 2830 nimis
1184 2764 1334 2830 audacter
1354 2765 1415 2830 sibi
1437 2767 1656 2850 permiserunt,
1678 2787 1714 2829 ea
1735 2766 1926 2850 posteriores
1942 2767 1997 2849 qui
2019 2765 2082 2829 ele·

243 2869 369 2955 gautins
390 2870 582 2954 scripserunt
609 2868 813 2954 defirgemnt,
831 2877 879 2935 ⁴et
907 2868 1024 2932 iudices
1051 2868 1321 2952 vituperaverunt.
1366 2867 1419 2932 Sic
1440 2867 1653 2943 Quintilianus
1676 2865 1701 2943 I,
1723 2869 1763 2944 ,5,
1787 2867 1827 2932 70
1849 2887 1931 2944 „res,
1965 2866 2079 2948 inquit,

241 2975 312 3036 tota
332 2970 411 3053 (scil.
434 2970 531 3034 verba
552 2968 725 3056 duplicare)
745 2972 846 3056 magis
867 2970 1002 3034 Graecos
1025 2970 1126 3045 decet,
1147 2968 1237 3033 uobis
1258 2970 1362 3032 minus
1383 2969 1534 3044 succedit,
1557 2968 1690 3050 ideoque
1713 2989 1784 3032 cum
1806 2969 1997 3049 κυρταυχένα
2019 2968 2080 3030 mi-

242 3093 364 3148 ramur,
386 3071 667 3136 incurvicervicum
689 3071 845 3154 (Pacuvii)
867 3073 921 3136 vix
940 3094 960 3136 a
980 3071 1046 3134 risu
1068 3070 1290 3134 defendiinus.“
1335 3069 1378 3134 Ut
1401 3071 1502 3155 igitur
1524 3070 1632 3135 Cicero
1655 3071 1776 3153 (orator
1798 3068 1938 3134 XXXIII
1958 3071 1976 3152 ὅ
2002 3071 2077 3152 106)

243 3175 364 3258 optimo
386 3175 454 3236 iure
475 3195 508 3238 se
529 3173 651 3250 laudat,
673 3173 922 3256 quodomnium
944 3178 1105 3237 oratorum
1125 3173 1245 3255 primus
1268 3172 1387 3236 ieiunas
1409 3173 1566 3256 acceperit
1587 3193 1677 3237 aures
1699 3193 1813 3254 easque
1835 3171 1875 3236 ad
1890 3173 2010 3255 optime
2033 3171 2081 3234 di-

243 3274 334 3338 cendi
355 3295 454 3359 genus
475 3273 653 3338 incredibili
674 3274 778 3338 studio
801 3275 1003 3350 converterit,
1027 3273 1073 3338 ita
1093 3273 1173 3339 hunc
1195 3273 1320 3338 laudem
1341 3273 1425 3337 inter
1445 3281 1554 3357 poetas
1575 3273 1635 3338 sibi
1657 3274 1817 3338 vindicare
1838 3274 1979 3358 potuisse
2000 3272 2082 3336 mihi

242 3375 369 3440 videtur
389 3374 547 3452 Tibullus,
570 3376 625 3458 qui
646 3375 766 3461 primus
788 3376 1003 3460 intellegeret,
1025 3374 1147 3440 novatis
1169 3375 1230 3438 illis
1255 3374 1357 3438 verbis
1380 3381 1412 3437 et
1433 3376 1568 3440 sermoni
1591 3377 1655 3439 vim
1677 3376 1766 3459 quasi
1787 3375 1893 3440 afferri
1914 3381 1946 3440 et
1968 3376 2084 3439 canni-

242 3475 336 3541 nibus
358 3477 435 3542 adeo
459 3497 522 3543 non
544 3478 732 3564 elegantiam
754 3477 929 3554 conciliari,
956 3482 993 3542 ut
1013 3477 1053 3540 iis
1074 3476 1223 3540 molestae
1245 3475 1398 3558 quaedam
1431 3476 1590 3560 duraeque
1610 3477 1800 3541 adderentur
1832 3475 1947 3542 sordes.
1992 3475 2084 3554 Quod

244 3599 284 3641 ne
306 3575 483 3662 Vergilium
506 3579 634 3662 quidem
655 3578 808 3664 excipiam
829 3601 939 3644 vereor
962 3601 1001 3642 ne
1022 3599 1153 3663 arguar,
1176 3599 1278 3658 neque
1299 3585 1405 3641 tamen
1427 3578 1511 3659 quod
1534 3577 1597 3642 dixi
1619 3577 1774 3642 indictum
1795 3599 1859 3642 esse
1875 3578 1957 3642 volo.
2002 3575 2084 3641 Nam

244 3679 272 3742 si
294 3699 357 3742 non
378 3680 480 3744 solum
500 3685 616 3746 novata
637 3680 691 3745 illa
712 3680 766 3744 sed
787 3683 883 3745 etiam
904 3701 984 3764 quae
1006 3681 1133 3744 omnino
1155 3679 1295 3743 obsoleta
1317 3679 1463 3743 videntur
1480 3680 1637 3765 aspernari
1654 3680 1803 3745 sermonis
1825 3679 1903 3745 casti
1926 3685 1958 3742 et
1972 3677 2082 3741 mundi

244 3779 404 3846 iudicatur
425 3803 503 3860 esse,
524 3781 643 3846 Tibulli
665 3783 839 3846 orationem
860 3783 961 3846 multo
985 3781 1146 3846 tersiorem
1167 3803 1232 3845 esse
1253 3785 1377 3846 constat
1404 3802 1499 3862 quam
1520 3804 1559 3846 ne
1581 3781 1683 3846 dicam
1712 3781 1827 3846 Catulli
1849 3817 1883 3828 -
1912 3780 1995 3862 quod
2018 3801 2083 3843 non

245 3882 328 3947 tanti
351 3888 399 3945 est
420 3919 460 3929 -
482 3884 535 3947 sed
557 3884 654 3948 etiam
677 3882 810 3969 Vergilii
831 3891 864 3948 et
886 3883 1020 3948 Horatii.
1066 3882 1209 3948 Concedo
1229 3882 1365 3965 quidem,
1387 3904 1459 3946 cum
1479 3883 1566 3947 color
1581 3883 1754 3948 carminum
1778 3885 1938 3968 epicorum
1953 3886 1985 3944 et
2007 3880 2083 3944 oda-

244 4005 317 4047 rum
338 3982 417 4046 alius
438 3984 481 4050 sit
502 4007 598 4066 quam
618 3984 805 4069 elegianun,
827 3985 889 4048 illis
911 3984 1140 4066 quodammodo
1163 3982 1284 4047 lieumse
1305 3982 1435 4066 antiqua
1455 3985 1615 4050 interdum
1635 3987 1763 4061 sectari,
1786 4003 1919 4067 quornm
1942 3984 2009 4066 ipse
2032 4002 2083 4044 so-

245 4107 304 4148 nus
325 4085 491 4170 gravitatis
511 4086 630 4169 aliquid
652 4086 757 4163 habet,
778 4106 873 4168 quam
894 4085 971 4150 baec
988 4086 1055 4149 duo
1076 4091 1257 4170 poematum
1278 4107 1394 4170 genera
1409 4086 1536 4171 proprie
1558 4085 1716 4162 affectant,
1738 4093 1843 4151 tamen
1864 4085 2022 4149 abstinere
2043 4082 2083 4148 iis

247 4185 403 4252 debebant
424 4187 458 4251 in
479 4187 517 4251 iis
540 4187 744 4265 carminibus,
777 4207 858 4270 quae
879 4188 959 4252 hanc
982 4187 1172 4273 gravitatem
1204 4186 1305 4272 magis
1327 4188 1457 4274 fugiunt
1489 4208 1583 4271 quam
1605 4194 1774 4271 quaerunt,
1806 4186 1839 4250 iu
1858 4185 2017 4273 georgicis
2053 4194 2086 4250 et

246 4287 450 4352 sermonibus.
494 4289 594 4372 Atqui
615 4313 655 4354 ne
677 4290 753 4354 haec
775 4289 902 4372 quidem
922 4289 984 4353 illis
1005 4294 1128 4354 vacant.
1173 4287 1244 4352 Huc
1270 4289 1429 4374 pertinent
1452 4329 1491 4341 --
1512 4296 1549 4355 ut
1579 4291 1729 4354 nonnulla
1749 4290 1880 4355 afferam
1902 4287 2086 4373 -primae

247 4387 463 4454 declinationis
484 4391 618 4475 genitivi
640 4392 769 4477 pluralis
790 4393 940 4456 inusitate
962 4389 1115 4456 contracti
1137 4391 1170 4454 ιιι
1192 4394 1245 4454 iun
1265 4411 1324 4475 pro
1346 4413 1450 4469 arum,
1472 4391 1560 4457 velut
1579 4394 1644 4456 iam
1664 4393 1749 4478 apud
1770 4390 1930 4456 Catullum
1951 4388 2084 4474 legimns

247 4490 484 4555 caelicolum
505 4513 563 4576 pro
587 4493 820 4570 caelicolarum,
853 4492 997 4575 idemque
1019 4491 1103 4577 apud
1125 4489 1317 4582 Vergilium,
1350 4497 1419 4555 tuin
1449 4499 1580 4574 quartae
1612 4493 1829 4559 declinationis
1851 4492 1975 4557 dativum
2009 4491 2042 4552 in
2063 4511 2086 4552 u

246 4597 426 4658 contractus
452 4591 587 4678 (Vergil.
618 4616 728 4680 georg.
752 4593 807 4670 IV,
831 4595 901 4671 158,
929 4595 1028 4679 eclog.
1050 4597 1080 4671 5,
1112 4595 1176 4676 29),
1210 4594 1340 4676 quintae
1361 4592 1577 4659 declinationis
1610 4596 1771 4680 genitivus
1804 4599 1836 4658 et
1859 4595 1981 4659 dativus
2015 4593 2086 4655 ine
2145 4673 2151 4680 ι

247 4699 395 4758 exeuntes
417 4691 551 4780 (Vergil.
571 4717 681 4782 georg.
705 4696 729 4772 I,
752 4697 824 4773 208,
846 4693 923 4762 Hor.
946 4717 1037 4760 serm.
1061 4694 1086 4758 I.
1108 4699 1138 4772 3,
1160 4697 1211 4771 95,
1233 4693 1290 4760 Ov.
1313 4703 1439 4760 metam.
1464 4692 1534 4772 VII,
1558 4697 1643 4780 728),
1664 4719 1702 4761 ex
1724 4696 1947 4782 coniugatione
1969 4715 2088 4778 erep-

246 4815 373 4858 semus
394 4815 453 4879 pro
476 4795 695 4880 erepsissemus
718 4796 807 4880 (Hor.
831 4819 922 4861 serm.
945 4797 969 4873 I,
992 4800 1021 4874 5,
1045 4797 1097 4880 79)
1120 4796 1300 4880 percusti
1321 4820 1380 4881 pro
1402 4797 1583 4881 percussisti
1606 4799 1711 4879 (scrin.
1735 4797 1776 4875 II,
1798 4801 1827 4874 3,
1849 4799 1936 4880 273),
1957 4795 2087 4861 erasti

246 4917 305 4982 pro
329 4895 456 4960 evasisti
478 4897 583 4979 (serm.
607 4897 648 4976 ll,
673 4900 700 4962 7.
724 4899 788 4982 68),
808 4905 845 4963 ut
866 4898 929 4962 iam
951 4897 1091 4962 Catullus
1113 4897 1273 4974 luxisti,
1295 4898 1475 4976 trivisti,
1504 4898 1647 4964 siveris
1670 4906 1871 4964 contraxerat
1903 4900 1937 4962 in
1969 4895 2087 4972 luxti,

247 4999 377 5075 tristi,
399 4998 495 5061 siris
517 4997 642 5081 (LXVI,
664 5001 715 5077 21,
737 5002 787 5078 30,
809 5001 873 5083 01),
895 5000 1007 5064 deinde
1029 4998 1203 5063 infinitivus
1224 5003 1399 5084 praesentis
1420 5000 1536 5087 passivi
1559 5002 1679 5084 syllaba
1700 5003 1759 5066 ier
1781 5001 1980 5077 terminatus,
2002 4998 2089 5064 velut

248 5098 477 5184 componier
498 5101 582 5185 apud
605 5100 762 5166 Catullum
785 5099 943 5185 (LXVIII,
980 5103 1053 5184 141)
1076 5100 1279 5166 miscerier
1311 5105 1395 5187 apud
1419 5103 1596 5188 Vergilium
1625 5105 1749 5188 (georg.
1773 5100 1798 5177 I,
1820 5101 1913 5186 454),
1941 5122 2089 5164 merca-

247 5199 328 5264 rier
350 5205 382 5266 et
403 5203 634 5285 torquerier
655 5203 739 5288 apud
761 5202 930 5266 Horatium
952 5202 1057 5284 (serm.
1082 5201 1122 5278 II,
1151 5205 1181 5279 3,
1203 5203 1258 5277 24;
1281 5203 1323 5282 11,
1346 5206 1374 5282 8,
1396 5206 1460 5289 67),
1481 5204 1655 5270 infinitivus
1680 5203 1813 5286 denique
1838 5201 1972 5286 perfecti
1992 5201 2090 5266 activi
