4726 5954
1178 407 1199 472 2
1252 499 1283 504 .-

273 611 390 698 scripta
413 617 469 690 est,
491 617 527 676 ut
547 633 645 697 paene
667 611 836 695 desperem,
857 609 925 674 fore
945 615 981 674 ut
996 611 1114 694 aliquid
1135 611 1209 676 nori
1230 611 1342 675 addere
1357 608 1488 694 possim,
1511 614 1589 693 puto
1612 614 1731 686 tamen,
1754 632 1882 696 operam
1903 633 1965 676 non
1987 613 2104 678 frustra

274 714 427 791 consumi,
448 713 474 778 si
496 716 735 798 componantur,
759 732 839 794 quae
864 711 898 774 in
926 711 984 775 hac
1011 712 1190 794 quaestione
1217 710 1335 795 ahquid
1356 709 1507 774 momenti
1528 709 1642 775 habere
1664 711 1798 797 possint
1832 711 2102 799 Comparationem

274 823 379 882 autem
403 816 448 881 ita
474 815 651 890 instituam,
679 818 715 877 ut
741 811 922 897 priusquam
949 834 1120 897 exponam,
1148 812 1408 897 quemadmodum
1435 810 1577 876 Tibullus
1605 813 1713 898 poesin
1735 812 1905 898 elegiacam
1926 818 2104 896 excoluerit,

274 918 411 1005 primum
430 917 606 992 ostendam,
628 913 728 998 qualis
750 936 787 978 ea
807 936 827 978 a
849 913 971 978 Catullo
993 914 1109 980 tradita
1131 915 1159 978 ei
1180 915 1234 993 sit,
1264 936 1303 978 ne
1324 912 1350 976 si
1371 913 1411 978 ab
1432 911 1486 977 illo
1508 911 1576 998 ipso
1607 914 1726 992 ordiar,
1755 914 1794 978 ad
1816 913 1898 980 hunc
1919 916 2036 982 iterum
2057 925 2105 984 at

276 1042 338 1104 que
358 1019 473 1084 iterum
495 1016 649 1102 respicere
676 1036 782 1098 cogar.
826 1013 985 1078 Tibullum
1006 1021 1110 1079 autem
1133 1015 1279 1100 elegiam,
1301 1013 1452 1098 siquidem
1474 1019 1575 1080 artem
1596 1015 1696 1100 magis
1723 1037 1818 1098 quam
1843 1019 1994 1104 temporis
2022 1020 2106 1084 ordi-

274 1143 346 1186 nem
365 1124 596 1206 spectamus,a
624 1116 745 1181 Catullo
776 1115 924 1180 traditam
945 1116 1099 1201 accepisse
1119 1139 1219 1199 neque
1248 1141 1267 1181 a
1294 1115 1404 1180 ceteris
1436 1115 1551 1201 poetis,
1579 1115 1633 1199 qui
1661 1116 1743 1181 inter
1771 1123 1938 1203 utrumque
1966 1121 2105 1187 carmina

274 1223 479 1308 scripserunt,
502 1218 599 1284 veluti
620 1217 738 1282 Licinio
762 1215 872 1295 Calvo,
895 1215 1038 1282 Cornelio
1061 1217 1167 1295 Gallo,
1188 1217 1318 1296 Laevia,
1339 1205 1523 1294 Hortensio,
1544 1216 1707 1294 Memmio,
1734 1217 1857 1296 Ticida,
1878 1222 2004 1298 Ansere,
2028 1223 2105 1301 aliis,

274 1328 435 1389 eteorum
457 1321 584 1404 siquae
606 1323 728 1384 exstant
757 1319 948 1402 fragmenta,
977 1319 1209 1404 pulchritudine
1232 1319 1330 1384 multo
1356 1319 1505 1384 1111111111
1533 1319 1639 1404 elegiis
1672 1319 1867 1397 Catulliauis,
1894 1327 2050 1388 testantur
2072 1331 2104 1390 et

274 1425 374 1489 fatum
395 1422 461 1486 sive
483 1443 544 1504 quo
567 1420 628 1485 alio
651 1419 775 1483 nomine
797 1419 948 1504 appellari
968 1421 1072 1506 placet
1092 1420 1185 1498 illud,
1208 1419 1295 1484 cuius
1317 1419 1511 1505 benignitate
1534 1419 1652 1485 factum
1674 1425 1734 1499 est,
1756 1426 1793 1486 ut
1815 1444 1832 1485 e
1854 1444 1968 1508 magno
1989 1425 2044 1490 illo
2066 1427 2105 1491 li-

273 1527 403 1590 brorum
424 1521 588 1607 naufragio
618 1521 737 1606 optima
758 1543 899 1604 quaeque
928 1526 959 1586 et
987 1543 1067 1605 quae
1094 1521 1235 1607 proxime
1263 1521 1303 1586 ad
1331 1544 1367 1586 ea
1391 1521 1557 1598 accedunt,
1586 1527 1708 1587 servata
1736 1523 1775 1587 ad
1803 1529 1943 1589 nostram
1969 1533 2104 1593 oetatem
2218 1541 2222 1558 ’

297 1625 482 1690 erveuerint.

273 1651 295 1712 p
359 1726 436 1791 Cum
457 1727 491 1789 in
512 1723 655 1789 omnibus
677 1723 791 1809 poetis,
813 1724 838 1787 si
861 1725 986 1808 quidem
1008 1747 1080 1790 vere
1101 1731 1190 1802 sunt,
1216 1724 1387 1789 iudicandis
1410 1737 1437 1789 et
1459 1729 1571 1788 natura
1593 1730 1687 1808 atque
1709 1723 1827 1790 indoles
1849 1730 1882 1790 11
1902 1749 1951 1792 res
1966 1733 2105 1814 tempus-

274 1851 335 1912 que
356 1850 418 1912 quo
441 1826 571 1910 quisque
593 1826 684 1902 vixit,
707 1825 796 1890 nobis
818 1826 1057 1890 considerandae
1078 1833 1152 1890 suut
1173 1833 1240 1890 tum
1261 1827 1295 1892 in
1317 1825 1438 1890 Catullo
1466 1825 1648 1911 praecipue,
1676 1823 1730 1908 qui
1760 1824 1785 1888 si
1814 1826 1883 1922 quis
1911 1829 1990 1893 alius
2011 1838 2105 1916 poeta

273 1935 365 1995 natus
385 1951 486 2012 neque
507 1929 608 1992 factus
629 1933 697 1992 erat
717 1925 861 2010 idemque
883 1927 994 1992 aetatis
1020 1949 1093 1992 suae
1121 1929 1274 1994 rationem
1302 1929 1558 2010 voluntatemque
1586 1927 1669 1992 clare
1697 1930 1729 1990 et
1755 1928 1917 2012 perspicue
1944 1934 2103 2016 expressit.

273 2033 378 2116 Atque
400 2036 436 2094 ut
458 2031 496 2094 de
517 2030 610 2092 rebus
630 2028 767 2113 primum
788 2029 902 2107 dicam,
930 2051 1010 2112 quae
1038 2035 1195 2096 momento
1217 2031 1345 2094 fuerunt
1371 2031 1410 2094 ad
1439 2029 1548 2115 poesin
1571 2027 1790 2105 Catullianam,
1818 2030 1921 2094 omitti
1949 2031 2000 2096 hic
2028 2035 2105 2100 mihi

275 2133 420 2197 videntur
442 2153 531 2216 posse
553 2151 619 2206 eae,
642 2151 722 2211 (quae
744 2131 782 2194 ad
805 2153 905 2195 mores
926 2130 1036 2216 populi
1059 2139 1114 2196 aut
1136 2132 1175 2195 ad
1197 2137 1314 2196 statum
1335 2132 1434 2214 qualis
1458 2137 1525 2196 tum
1546 2130 1607 2194 fuit
1628 2129 1673 2194 rei
1694 2129 1839 2214 publicae
1861 2137 2012 2216 spectant.
2052 2136 2103 2201 Id-

274 2257 334 2318 que
357 2235 397 2298 ob
419 2233 493 2296 duas
516 2253 621 2296 causas
643 2231 735 2295 lisere
754 2239 843 2317 puto.
887 2231 1028 2296 Primum
1050 2232 1132 2298 enim
1147 2231 1287 2315 quamvis
1310 2255 1419 2296 verum
1438 2233 1494 2310 sit,
1516 2234 1600 2317 apud
1614 2232 1780 2317 populum,
1803 2232 1856 2314 qui
1876 2235 2104 2302 humanitatem

274 2335 362 2419 quasi
384 2333 502 2419 genuit,
524 2355 625 2396 mores
647 2339 742 2416 atque
764 2333 908 2398 instituta
930 2356 1001 2398 cum
1021 2335 1140 2399 artibus
1162 2333 1321 2417 literisque
1343 2335 1460 2420 optime
1483 2334 1685 2410 concordare,
1707 2339 1812 2398 taurea
1840 2335 1898 2399 hoc
1920 2337 2049 2404 minime
2071 2340 2104 2404 in

274 2437 430 2502 Romanos
453 2436 551 2511 eadit,
574 2434 627 2516 qui
649 2434 798 2498 iudicium
827 2439 858 2500 et
878 2435 1067 2520 elegantiam
1088 2461 1107 2501 a
1128 2436 1253 2502 Graecis
1281 2436 1417 2502 mutuati
1443 2436 1625 2513 ostendunt,
1654 2441 1737 2500 artes
1766 2436 1876 2500 florere
1903 2461 2005 2523 posse,
2033 2463 2104 2506 oum

274 2540 373 2605 virtus
395 2559 558 2621 moresque
580 2536 752 2620 contempti
778 2537 894 2613 iacent,
922 2543 990 2601 tum
1019 2561 1093 2602 vero
1120 2538 1181 2602 loci
1209 2537 1389 2614 Catulliani,
1418 2539 1471 2621 qui
1501 2539 1541 2602 ad
1567 2559 1631 2602 rem
1661 2537 1820 2622 publicam
1847 2545 2005 2622 spectant,
2032 2549 2105 2608 sunt

274 2641 446 2706 carminum
468 2639 623 2702 minorum
643 2660 743 2720 neque
766 2638 951 2723 elegiarum,
975 2639 1012 2702 de
1032 2640 1144 2722 quibus
1161 2641 1233 2704 solis
1255 2641 1307 2705 hie
1337 2641 1501 2704 dicendum
1531 2645 1586 2704 est.
1631 2638 1748 2702 Earum
1773 2639 1873 2723 igitur
1903 2664 2009 2706 rerum
2035 2649 2105 2710 tan-

274 2749 342 2806 tum
363 2741 443 2806 ratio
465 2741 618 2804 habeatur
638 2762 761 2804 neeesse
784 2749 845 2817 est,
867 2763 946 2824 <quae
969 2743 1009 2806 ad
1030 2741 1129 2825 ipsam
1149 2743 1256 2826 poesin
1278 2742 1446 2827 pertinent.
1490 2742 1568 2806 Eam
1583 2747 1687 2805 antem
1710 2740 1775 2804 fere
1790 2745 1898 2816 totam,
1920 2743 1947 2804 si
1968 2744 2102 2829 excipias

273 2865 379 2908 versus
401 2841 470 2906 illos
492 2840 712 2916 Fescenninos,
734 2840 871 2925 primum
892 2861 1069 2908 saturarum
1088 2865 1204 2928 genus,
1225 2843 1350 2919 mimos,
1378 2844 1498 2908 fabulas
1521 2843 1680 2908 Atellanas
1709 2848 1741 2906 et
1769 2864 1848 2925 quae
1870 2843 1931 2908 alia
1958 2851 2031 2908 aute
2052 2845 2104 2908 Li-

274 2945 360 3008 viam
383 2944 596 3007 Andronicum
617 2944 701 3008 intra
722 2943 878 3008 liomauos
906 2945 988 3029 ipsos
1011 2952 1084 3009 11111
1112 2951 1186 3009 sunt
1214 2945 1360 3028 omnique
1389 2951 1456 3009 arte
1483 2952 1606 3022 carent,
1637 2944 1726 3009 anxie
1754 2945 1886 3028 vestigia
1913 2945 2103 3010 Graecorum

273 3053 411 3110 secutam
431 3067 495 3108 esse
517 3045 599 3108 inter
619 3067 725 3109 omues
748 3052 884 3120 coustat;
907 3068 977 3109 oum
999 3069 1072 3110 vero
1095 3047 1234 3111 11111111
1256 3046 1310 3110 isui
1331 3046 1376 3110 rei
1397 3045 1541 3130 publicae
1563 3045 1694 3110 utilitati
1714 3045 1845 3110 serviret
1866 3053 1897 3110 11
1920 3047 1996 3110 nihil
2019 3047 2104 3112 aliud

274 3131 382 3234 ageret
401 3169 495 3229 quam
516 3152 553 3209 111
574 3146 682 3232 populi
704 3148 873 3234 spectantis
895 3148 1013 3212 animos
1035 3149 1214 3226 oblectaret,
1236 3149 1399 3232 tragoedia
1420 3149 1615 3233 potissimum
1637 3155 1669 3212 11
1691 3147 1850 3212 comoedia
1865 3149 2026 3226 florebant,
2049 3173 2102 3215 ue-

274 3271 334 3332 que
356 3248 470 3311 mirum
492 3253 552 3323 est,
581 3247 714 3332 elegiam
736 3255 804 3313 tum
833 3249 1014 3325 desiderari,
1043 3251 1227 3336 praesertim
1253 3272 1325 3313 cum
1353 3251 1436 3335 apud
1466 3272 1517 3314 eos
1545 3251 1643 3335 ipsos,
1671 3271 1748 3333 qnos
1775 3249 1940 3314 imitandos
1969 3249 2103 3315 Romani

273 3350 332 3412 sibi
353 3353 594 3436 proposuerant,
616 3349 670 3414 illa
691 3372 754 3414 non
777 3350 846 3414 dico
868 3373 993 3434 prorsus
1014 3353 1158 3436 neglecta
1179 3358 1258 3415 esset
1280 3357 1418 3416 atcerte
1446 3351 1624 3415 inferiorem
1646 3350 1748 3414 locum
1771 3350 1941 3414 obtinuisse
1962 3350 2105 3416 videatur

274 3473 367 3535 quam
389 3455 492 3514 cetera
514 3451 589 3514 artis
611 3451 752 3534 poeticae
773 3475 898 3536 genera.
942 3453 1144 3517 Alexandrini
1174 3453 1311 3528 demum,
1339 3453 1393 3536 qui
1420 3453 1505 3516 illam
1534 3452 1660 3538 proprie
1688 3451 1901 3526 excoluerunt,
1930 3475 2002 3516 cum
2029 3455 2105 3531 aliis,

274 3576 350 3636 quas
372 3552 503 3616 Romam
526 3553 732 3616 traduxerunt
755 3553 932 3638 disciplinis,
955 3563 1022 3618 tum
1044 3555 1162 3640 elegiae
1184 3555 1266 3618 viam
1287 3554 1332 3619 ibi
1354 3555 1562 3618 muniverunt.
1602 3555 1687 3629 Quae
1709 3554 1807 3638 qualis
1829 3553 1924 3617 fuerit
1946 3577 2009 3619 uon
2032 3555 2105 3620 alie-

274 3679 348 3720 num
369 3655 492 3718 videtur
514 3676 578 3718 asse
600 3655 737 3718 breviter
758 3675 921 3740 exponere.
967 3655 1014 3719 lle
1037 3655 1239 3732 Callimaoh0,
1262 3655 1430 3720 clarissimo
1454 3656 1518 3718 eins
1541 3663 1677 3732 auctore,
1700 3654 1828 3718 Ovidius
1850 3655 1988 3720 breviter
2010 3663 2054 3732 et,
2074 3656 2102 3719 si

274 3781 311 3822 ex
332 3756 439 3840 palleis
460 3755 584 3839 hymnis
606 3756 706 3820 adhue
729 3757 858 3821 servatis
881 3758 919 3821 de
941 3757 1061 3842 elegiis,
1084 3781 1164 3841 quae
1185 3759 1224 3822 ad
1246 3779 1301 3822 nos
1324 3778 1386 3820 non
1408 3763 1633 3840 pervenerunt,
1660 3757 1871 3820 coniecturam
1894 3757 1994 3822 facere
2024 3757 2104 3833 lieet,

275 3865 364 3923 111111
387 3865 418 3921 11
440 3881 511 3921 vere
539 3857 657 3922 iudicat
685 3879 756 3922 cum
784 3859 859 3922 dicit
887 3859 1006 3938 (Amor.
1037 3859 1060 3934 l,
1092 3863 1139 3934 15,
1169 3861 1218 3924 13.
1251 3859 1316 3942 un:
1361 3858 1538 3934 „Battiades
1568 3881 1689 3942 sempor
1716 3863 1784 3922 toto
1814 3857 1990 3922 cantabitur
2018 3859 2102 3936 orbe,

274 3961 414 4044 quamvis
436 3960 562 4044 ingenio
585 3982 648 4024 uon
671 3962 768 4036 valet,
791 3965 858 4026 arte
882 3961 990 4034 111111
1013 3963 1097 4044 quod
1119 3961 1267 4024 iudicium
1288 3961 1354 4024 siue
1376 3960 1571 4025 dubitatione
1592 3961 1658 4024 fere
1680 3960 1718 4022 de
1739 3965 1807 4023 tota
1823 3958 2105 4022 Alexandrinorum

274 4063 359 4150 poesi
383 4063 558 4126 faciendum
580 4069 634 4128 est.
680 4061 799 4146 Negari
821 4062 947 4146 quidem
975 4085 1037 4126 non
1059 4069 1176 4146 potest,
1205 4063 1429 4127 Callimachum
1455 4061 1617 4146 ingenium
1644 4061 1736 4138 illud,
1766 4083 1827 4144 quo
1855 4059 2025 4124 Homerum
2055 4061 2106 4124 vel

274 4165 330 4248 qiu
352 4171 461 4229 auctor
484 4169 531 4228 est
552 4164 677 4228 illorum
698 4165 901 4247 hymnorum,
924 4163 977 4246 qui
999 4165 1124 4229 nomine
1147 4164 1274 4229 Homeri
1296 4166 1455 4256 1111111111,
1478 4163 1610 4228 maxime
1632 4166 1790 4247 praestare
1813 4161 1944 4238 videret,
1973 4161 2107 4245 diligen-

274 4267 391 4332 tissime
413 4265 599 4349 qnaesivisse
622 4273 653 4329 et
675 4265 812 4330 annuum
835 4266 939 4329 divino
962 4266 1097 4348 quodam
1119 4266 1230 4350 spiritu
1259 4273 1353 4349 atque
1375 4267 1480 4330 furore
1508 4266 1664 4342 inflatum,
1692 4265 1724 4328 in
1753 4286 1814 4346 quo
1842 4261 2037 4347 potissimum
2059 4261 2107 4326 in-

274 4369 402 4454 genium
425 4373 569 4453 apparet,
592 4368 740 4452 effingere
762 4368 920 4432 interdum
941 4368 1108 4443 studuisse,
1130 4369 1228 4432 multo
1251 4369 1372 4453 saepius
1395 4373 1500 4431 tamen
1531 4367 1597 4452 ipse
1627 4367 1750 4430 videtur
1777 4364 1919 4431 sensisse.
1947 4363 2026 4428 illud
2047 4362 2105 4426 sibi

275 4471 378 4534 (111111
401 4475 432 4533 11
455 4469 539 4552 quod
561 4493 580 4534 a
603 4470 794 4534 1111111111
817 4471 1005 4554 denegatum
1027 4475 1118 4544 esset,
1143 4469 1285 4534 doctrina
1306 4491 1505 4552 compensare
1526 4491 1558 4532 se
1580 4491 1679 4553 posse.
1724 4469 1810 4544 Quae
1839 4466 1980 4530 doctriua
2007 4464 2106 4528 cerui-

274 4572 520 4648 turinstudio,
543 4594 604 4654 quo
627 4571 1229 4654 111111111111111111111111111111111111111
1252 4595 1289 4635 ex
1319 4570 1402 4634 omni
1426 4569 1658 4655 disciplinarum
1679 4591 1794 4654 genere
1822 4573 1889 4631 turn
1918 4590 1954 4632 ex
1981 4565 2107 4650 mytho-

274 4673 359 4758 logia
381 4674 487 4757 petitis
509 4673 641 4738 ornavit.
687 4674 755 4749 Qua
776 4673 902 4758 quidem
923 4673 956 4737 111
978 4696 1011 4737 11
1033 4697 1096 4737 non
1117 4674 1218 4736 minus
1241 4671 1411 4736 Homerum
1434 4672 1619 4756 inragistrum
1642 4671 1763 4735 videtur
1785 4670 1943 4744 habuisse,
1971 4667 2025 4732 sed
2054 4689 2108 4731 ne-

275 4797 335 4858 que
358 4775 526 4847 intellexit,
548 4776 636 4839 illum
657 4780 774 4858 quanto
796 4775 925 4861 propius
947 4799 965 4839 a
986 4775 1126 4840 fabulosa
1148 4781 1302 4839 vetustate
1324 4776 1444 4838 abesset
1465 4779 1554 4838 111111
1562 4773 1669 4858 magis
1691 4774 1843 4837 lectorum
1857 4771 1907 4836 vel
1929 4769 2108 4835 auditorum

276 4877 394 4942 animos
416 4877 528 4942 fabulis
550 4879 735 4954 oblectasse,
764 4899 864 4961 aeque
884 4877 917 4941 in
940 4877 987 4940 his
1010 4877 1158 4962 eligendis
1177 4876 1326 4940 iudicium
1353 4876 1542 4958 modumque
1570 4874 1727 4951 adhibuit,
1757 4879 1813 4938 aut
1840 4871 1866 4935 si
1892 4873 1985 4935 finem
2015 4892 2107 4954 quem

275 4984 398 5044 secribus
420 4979 460 5042 sit
482 4985 670 5064 spectamus,
693 4978 835 5044 aviditati
858 4978 991 5063 gloriae,
1019 5001 1112 5062 quam
1133 4979 1166 5042 in
1191 4979 1316 5043 illarum
1343 4977 1527 5040 enodatione
1555 4983 1587 5041 et
1612 4973 1872 5060 interpretatione
1901 4971 2023 5056 assequi
2049 4969 2108 5035 sibi

277 5081 455 5156 videbatur,
477 5081 625 5146 indicium
646 5089 678 5145 et
700 5080 888 5166 elegantiam
914 5081 1092 5166 postposuit
1113 5090 1144 5145 et
1166 5080 1388 5166 grammaticus
1410 5099 1475 5142 esse
1498 5077 1608 5142 maluit
1635 5099 1728 5161 quam
1749 5081 1852 5161 poeta.
1898 5073 2109 5138 Clarissimum

275 5183 376 5267 poesis
400 5182 616 5247 Callimachiae
639 5185 813 5267 exemplum
835 5182 924 5246 nobis
944 5183 1075 5268 praebet
1097 5183 1196 5267 elegia
1217 5204 1297 5265 quae
1319 5185 1365 5246 est
1387 5181 1424 5243 de
1446 5201 1535 5244 corna
1558 5178 1735 5258 Berenices,
1767 5199 1860 5261 quam
1883 5176 2022 5240 Catullus
2051 5173 2109 5239 eti-
