4726 5954
1056 351 1172 450 ,ro

1159 442 1259 451 ..ψ-..-

241 558 394 644 potuerit,
417 557 533 643 quippe
555 555 621 632 cui,
643 563 679 620 nt
700 555 816 620 iamin
837 555 968 641 singulis
991 555 1130 620 distichis
1152 556 1372 640 componendis
1395 557 1480 622 cerni
1502 557 1604 630 licuit,
1627 557 1777 622 naturalis
1801 557 1928 640 quidam
1949 557 2074 622 concin-

241 660 348 726 nitatis
370 683 476 724 sensns
490 659 608 732 ‚insitus
630 657 723 720 luisse
745 657 902 741 putandus
924 660 973 722 sit.
1019 657 1119 734 Quam
1140 658 1383 722 concinnitatem
1412 667 1607 744 quantopere
1629 659 1802 744 neglexerit
1825 659 1964 724 Catullus
1980 661 2077 744 elegi-

241 784 331 827 arum
352 758 663 845 undeseptuagesima
685 764 922 842 ceterorumque
944 759 1117 824 carminum
1139 758 1378 843 epithalamium
1404 759 1485 824 Pelei
1507 760 1750 825 luculentissimo
1782 761 1968 825 documento
1991 769 2074 828 sunt.

242 862 418 946 Utrumque
439 861 521 926 enim
554 861 643 924 unius
672 859 872 945 digressionis
894 858 999 946 gratia
1030 859 1157 926 videtur
1178 859 1385 945 compositum
1409 883 1486 937 esse,
1519 885 1599 946 qnae
1626 861 1691 934 sine
1718 862 1783 926 ulla
1814 862 2018 947 proportione
2040 885 2077 927 ac

243 964 393 1049 praeneti
416 962 544 1027 carmini
567 963 684 1026 inserta
706 966 762 1028 est.
988 967 990 972 '
1986 983 1989 990 ’

328 1063 372 1127 Ut
391 1063 491 1148 igitur
512 1063 637 1128 Tibullo
659 1065 828 1149 praecipua
858 1064 925 1127 laus
954 1087 973 1128 a
999 1063 1232 1147 comparatione
1265 1062 1379 1127 Catulli
1406 1062 1616 1150 proficiscitur
1643 1063 1688 1128 ite
1717 1087 1781 1128 non
1807 1064 1908 1129 minus
1937 1066 2015 1130 bene
2041 1066 2079 1130 dc

243 1167 296 1232 illo
319 1165 579 1239 existimabimus,
601 1167 627 1229 si
650 1187 719 1229 cnm
742 1165 842 1248 poetis
865 1165 920 1247 qni
941 1166 1151 1252 sequebantur
1174 1187 1245 1230 enm
1267 1165 1499 1230 contulerimus.
1545 1165 1626 1230 Sunt
1654 1166 1795 1248 quidem,
1823 1175 1859 1231 ut
1885 1169 1949 1231 iam
1979 1167 2077 1244 ouin-

242 1267 342 1333 tiliani
364 1268 402 1350 (1,
427 1270 466 1333 10
488 1267 506 1348 ᾖ
528 1270 582 1348 93)
606 1273 723 1340 aetate,
745 1265 798 1332 alii
820 1266 874 1350 qui
896 1288 959 1331 non
979 1266 1104 1330 Tibullo
1126 1268 1180 1330 sed
1201 1265 1365 1351 Propertio
1388 1265 1471 1331 inter
1490 1271 1598 1352 poetas
1621 1267 1773 1352 elegiacos
1788 1267 2000 1353 principatum
2022 1268 2076 1331 de·

241 1370 405 1435 ferendum
427 1391 492 1432 esse
514 1375 641 1452 putent,
663 1369 716 1434 alii
738 1368 792 1452 qni
814 1369 933 1452 liquere
955 1373 1085 1453 negent,
1108 1380 1177 1433 uter
1198 1368 1263 1434 utri
1284 1369 1326 1433 sit
1347 1368 1583 1452 praeferendum
1607 1389 1700 1452 quam
1722 1371 1967 1433 controversiam
1989 1370 2077 1451 equi·

243 1473 314 1536 dem
336 1471 506 1536 diiudicare
529 1494 591 1535 non
613 1473 726 1548 audeo,
758 1477 861 1536 tamen
884 1471 910 1536 si
933 1473 1124 1554 interroger,
1158 1481 1264 1536 utrum
1286 1470 1396 1534 melius
1429 1471 1467 1534 de
1488 1472 1574 1556 poesi
1598 1470 1735 1556 elegiaca
1768 1469 1911 1534 Romana
1931 1471 2079 1535 meruisse

243 1578 366 1656 putem,
388 1572 547 1638 Tibullum
569 1595 633 1637 esse
657 1596 720 1638 non
741 1573 880 1638 dubitem
904 1574 1118 1657 pronuntiare.
1161 1573 1287 1638 Etenim
1310 1578 1408 1636 -ut
1432 1573 1607 1657 exemplum
1637 1595 1674 1636 ex
1701 1579 1810 1636 nostra
1838 1573 2001 1638 literarum
2030 1571 2080 1636 hi-

244 1674 341 1738 storia
362 1681 502 1760 repetam
526 1714 564 1722 —
586 1675 611 1738 si
633 1675 828 1760 Lessinginm
850 1674 965 1739 idcireo
988 1683 1114 1758 practer
1137 1697 1241 1739 omnes
1265 1681 1373 1760 poetas
1396 1674 1503 1760 magni
1529 1673 1744 1750 aestimamus,
1772 1675 1857 1758 quod
1877 1674 1996 1760 primns
2018 1695 2075 1738 no-

244 1783 342 1840 stram
364 1776 471 1861 poesin
492 1801 512 1842 a
532 1800 678 1863 perversa
699 1777 860 1842 Gallorum
889 1775 1065 1842 imitatione
1086 1777 1257 1842 vindicavit
1281 1778 1491 1860 exernplisque
1513 1775 1681 1861 propositis
1703 1783 1804 1843 certos
1833 1774 2077 1860 circumscripsit

244 1878 335 1953 fines,
355 1879 439 1943 intra
461 1902 538 1962 quos
561 1880 614 1944 illa
636 1879 752 1944 versari
768 1879 903 1953 deberet,
925 1881 966 1944 ob
988 1881 1117 1944 eandem
1140 1902 1263 1946 causam
1285 1881 1368 1944 inter
1389 1885 1497 1964 poetas
1512 1877 1668 1943 Romanos
1682 1878 1841 1942 Tibullum
1857 1878 1967 1942 ceteris
1977 1899 2076 1960 prce-

246 1987 328 2044 stare
349 1987 480 2048 constat.
526 1982 644 2058 Quodsi
665 1981 825 2046 Catullum
858 1981 891 2046 in
911 1982 971 2046 hoc
1001 1983 1050 2046 vcl
1080 1982 1213 2047 manime
1241 1981 1513 2067 reprehendimus,
1547 1981 1630 2064 quod
1656 1980 1941 2044 Alexandrinorum
1970 1977 2073 2042 studio

246 2086 336 2150 nimis
359 2081 536 2160 indulserit,
559 2093 678 2166 quanto
699 2085 800 2170 magis
822 2084 899 2149 vitio
922 2085 1064 2148 dabimus
1086 2082 1267 2169 Propertio,
1288 2084 1372 2166 quod
1394 2084 1535 2168 exemplo
1561 2081 1678 2146 Tibulli
1707 2081 1849 2166 neglecto
1877 2081 1918 2146 ad
1947 2081 2076 2146 eandem

244 2189 484 2273 peregrinorum
505 2189 714 2253 imitationem
736 2189 875 2271 relapsus
897 2189 947 2252 sit.
