4726 5954
1130 378 1331 479 ,fil-Q-.

308 594 393 664 erst3
415 587 549 672 reliquas
571 593 677 652 autem
703 608 774 650 cum
796 587 835 651 ad
857 585 989 650 eundem
1013 584 1191 671 pertineant
1212 607 1362 662 amorem,
1395 585 1421 650 si
1441 583 1514 649 inde
1536 584 1575 649 ab
1606 605 1688 650 anuo
1711 586 1773 650 724
1805 591 1966 670 usquead
2001 593 2077 672 727,
2100 599 2150 664 ul.

308 695 359 756 tra
380 711 473 773 quem
497 695 582 754 certo
604 689 691 755 nulla
711 690 749 754 fit
769 687 878 753 Deliae
906 685 1174 764 commemoratio,
1204 689 1392 772 compositas
1419 709 1484 751 esse
1509 686 1698 771 putabimus,
1725 709 1789 752 nou
1816 689 1961 768 multum,
1987 697 2149 780 opinans

313 793 446 858 veritate
467 789 690 855 aberrabimus.
733 791 785 855 Ab
807 790 865 855 hoc
887 788 987 875 igitur
1009 788 1159 874 temporis
1181 788 1290 854 ordine
1316 787 1342 852 is
1364 810 1458 872 quem
1479 787 1647 853 Teuffelius
1669 788 1809 854 instituit
1830 790 1876 856 ita
1898 793 2018 874 differt,
2039 807 2076 864 ut
2098 825 2149 868 eas

309 893 440 980 elegias,
463 914 540 975 quas
563 903 657 956 ante
678 891 766 956 illam
787 892 953 976 septimam
974 892 1108 977 scriptas
1129 913 1194 956 esse
1215 890 1360 974 equidem
1381 911 1506 968 causeo,
1533 890 1585 954 ille
1607 890 1762 956 iudicium
1782 890 1931 958 nimirum
1948 899 2033 980 quud
2053 923 2151 986 supra

303 994 406 1060 attuli
426 997 670 1070 sustentaturus,
698 1000 791 1077 pust
817 991 903 1057 illam
924 998 1031 1077 ponat.
1076 991 1137 1057 Hic
1164 999 1270 1058 autem
1293 1013 1381 1056 error
1411 991 1486 1057 inde
1507 991 1584 1056 mihi
1607 991 1732 1057 videtur
1753 999 1841 1058 ortus
1864 1019 1943 1076 esse,
1976 1002 2062 1084 quod
2083 1005 2150 1088 pri.

313 1116 402 1160 mum
423 1095 528 1179 quarti
549 1095 622 1160 libri
650 1117 774 1160 carmen
801 1093 1015 1158 Tibullianum
1040 1117 1105 1159 esse
1126 1101 1229 1180 putat.
1274 1093 1353 1158 Cum
1380 1101 1485 1158 tamen
1512 1093 1591 1158 illud
1617 1115 1699 1158 anuo
1723 1095 1785 1159 723
1812 1097 1965 1183 scriptum
1987 1123 2053 1168 esse
2074 1127 2149 1172 cou-

308 1203 385 1275 stet,
407 1197 500 1262 facile
518 1196 660 1282 intellegi
681 1201 795 1282 potest,
824 1195 892 1260 fieri
913 1217 977 1260 uon
998 1195 1194 1280 potuissent
1214 1195 1357 1260 Tibullus
1379 1217 1442 1262 uno
1463 1218 1545 1262 auno
1568 1201 1641 1261 ante
1662 1217 1756 1280 quam
1783 1199 2010 1283 pulcherrimas
2031 1205 2064 1271 in
2085 1205 2149 1273 De-

309 1298 385 1364 liam
406 1299 557 1364 scriberet
578 1298 709 1384 elegias,
731 1299 757 1362 si
780 1298 907 1381 quidem
927 1306 1013 1364 recte
1035 1321 1088 1362 ess
1110 1297 1337 1375 collocavimus,
1359 1303 1425 1363 tam
1446 1296 1601 1363 mediocre
1622 1320 1743 1383 poema,
1767 1301 1860 1383 quale
1881 1303 1959 1368 illud
1981 1313 2042 1384 est,
2062 1330 2146 1374 com-

308 1407 451 1485 poneret.
495 1399 605 1484 Neque
625 1399 727 1486 magis
749 1399 893 1484 Gruppio
915 1399 1061 1466 assentiri
1082 1399 1184 1464 velim.
1228 1399 1320 1476 Quod
1341 1398 1471 1464 animis
1493 1404 1603 1465 contra
1624 1422 1657 1464 se
1678 1399 1782 1486 ipsum
1809 1401 1901 1480 dicit,
1928 1426 2053 1472 carmen
2074 1431 2146 1476 cum

306 1501 452 1566 sollemni
474 1501 636 1567 occasione
658 1501 764 1568 oblata
785 1502 903 1567 factum
927 1507 1022 1579 esset,
1043 1500 1262 1588 imperfectum
1284 1523 1349 1566 esse
1368 1522 1431 1564 uon
1451 1523 1558 1585 posse,
1585 1501 1618 1565 id
1641 1523 1703 1568 non
1725 1503 1800 1568 satis
1822 1505 1975 1572 refutasse
2001 1507 2077 1574 mihi
2098 1513 2145 1576 vi-

313 1602 405 1668 detur
426 1587 527 1685 neque
555 1593 682 1667 onininu
707 1603 840 1668 refutari
862 1625 967 1687 posse,
996 1603 1049 1668 sed
1076 1602 1233 1682 existim,
1265 1601 1423 1667 Tibullum
1444 1602 1477 1666 id
1499 1603 1663 1686 perfecisse
1697 1625 1799 1687 neque
1821 1605 1941 1672 etiamsi
1974 1614 2097 1696 tempus
2118 1614 2146 1678 ei

309 1703 534 1788 suppetivisset
554 1703 913 1788 magisrelaboraturum
935 1704 1038 1771 fuisse
1083 1705 1174 1781 Quod
1194 1726 1269 1769 vero
1292 1726 1355 1770 non
1376 1709 1442 1768 tam
1468 1704 1635 1770 artificiose
1663 1706 1817 1791 scriptum
1845 1715 1892 1772 est
1920 1731 2014 1792 quam
2043 1721 2148 1780 cetere

294 1804 345 1880 ¹id
365 1803 444 1869 mihi
465 1803 590 1870 ridetur
612 1805 785 1884 declarare,
805 1805 923 1871 Tibulli
945 1805 1108 1891 ingenium
1129 1808 1231 1871 minus
1254 1813 1363 1890 aptum
1385 1805 1479 1870 fuisse
1502 1813 1597 1890 atque
1618 1829 1809 1892 propensum
1830 1809 1870 1873 ad
1891 1811 2030 1878 carmina
2050 1821 2087 1878 ut
2100 1815 2146 1882 ita

204 1925 206 1930 ’
312 1906 415 1970 dicam
435 1905 629 1992 panegyrica
649 1905 813 1972 scribenda
836 1929 930 1990 quam
951 1908 992 1972 ad
1013 1907 1143 1994 simplex
1164 1907 1243 1973 illud
1263 1930 1378 1995 genus,
1408 1909 1492 1991 quod
1513 1907 1547 1972 iu
1568 1909 1661 1974 rebus
1683 1909 1807 1974 rusticis
1834 1913 2056 1998 urnatoriisque
2078 1940 2147 1982 ver-

314 2011 410 2073 satur.
454 2005 551 2072 Cuius
572 2009 746 2096 sententiae
768 2008 1011 2094 luculentissimo
1034 2010 1221 2076 documento
1244 2019 1291 2075 est
1312 2011 1424 2075 ultima
1444 2009 1537 2074 huius
1558 2008 1656 2094 ipsius
1672 2010 1790 2096 elegiae
1812 2018 1844 2075 et
1858 2011 1940 2077 illius
1963 2015 2002 2079 de
2017 2039 2080 2099 qua
2095 2041 2148 2084 su-

308 2131 369 2193 pra
390 2107 562 2193 diripiam
585 2131 680 2192 quam
701 2110 784 2174 enim
806 2133 934 2176 amoene
956 2119 989 2176 et
1012 2118 1142 2176 venuste
1163 2111 1235 2177 fluit
1255 2111 1356 2176 oratio
1377 2111 1465 2187 inde,
1487 2111 1542 2176 ubi
1563 2121 1659 2197 poeta
1679 2114 1719 2177 ad
1740 2112 1772 2176 id
1786 2119 2007 2198 argumentum
2023 2121 2146 2198 transit,

316 2209 401 2292 quod
423 2209 621 2294 potissimum
642 2211 816 2276 adamavit!
860 2212 951 2289 Quod
972 2213 998 2276 si
1020 2212 1276 2279 consideravisset
1297 2213 1465 2278 Teuffelius
1487 2219 1573 2278 certo
1603 2235 1665 2278 non
1688 2215 1773 2280 illam
1793 2214 1938 2300 elegiam,
1968 2238 2048 2300 quae
2071 2221 2146 2302 quia

312 2317 345 2376 et
366 2309 436 2396 ipsa
455 2309 489 2375 iu
512 2312 726 2378 laudationum
747 2335 846 2400 genus
867 2314 961 2390 eadit,
982 2314 1180 2397 aliquantum
1201 2316 1240 2381 ab
1263 2323 1331 2380 arte
1343 2313 1521 2380 Tibulliana
1541 2315 1638 2394 abest,
1659 2317 1794 2401 primam
1809 2316 1948 2382 omnium
1968 2318 2143 2388 iudicasset.

397 2411 491 2479 Vitae
511 2413 612 2500 igitur
632 2416 767 2480 rusticae
788 2413 928 2480 studium
950 2422 1016 2481 tam
1039 2417 1203 2502 proprium
1224 2425 1271 2482 est
1292 2417 1462 2502 elegiarum
1484 2415 1746 2496 Tibullianarum,
1776 2426 1813 2482 ut
1840 2417 1900 2482 riri
1928 2419 2025 2498 docti,
2054 2422 2079 2488 1.
2103 2423 2142 2490 H.

315 2512 459 2579 Vossium
480 2514 592 2592 secuti,
615 2537 687 2580 cum
708 2539 745 2580 ex
761 2515 829 2581 aliis
852 2517 950 2582 causis
972 2523 1041 2582 tum
1063 2541 1101 2584 ex
1122 2518 1252 2604 penuria
1274 2519 1356 2582 illius
1378 2518 1498 2604 optimo
1520 2517 1588 2582 iure
1610 2518 1780 2599 effecerint,
1801 2521 1917 2585 librum
1937 2522 2067 2587 tertium
2092 2525 2144 2588 Ti-

310 2615 397 2681 bullo
420 2637 485 2680 esso
506 2616 755 2682 abiudicandum.
800 2617 902 2682 Aliter
923 2641 972 2684 res
994 2642 1059 2684 sese
1081 2619 1177 2685 habet
1199 2622 1231 2684 iu
1247 2629 1361 2704 quarto
1378 2620 1458 2686 libro
1480 2620 1530 2684 vel
1552 2621 1659 2704 potius
1681 2623 1714 2684 in
1735 2621 1842 2706 elegiis
1864 2624 1957 2698 2-7‚
1978 2646 2059 2707 quae
2073 2647 2146 2690 vere

312 2718 439 2801 quidem
459 2717 656 2783 Tibullianae
677 2725 864 2804 argumento
888 2728 993 2785 tamen
1012 2721 1067 2786 illo
1089 2729 1205 2787 carent.
1250 2723 1331 2800 Quia
1352 2723 1436 2786 euim
1457 2727 1551 2806 poeta
1573 2723 1606 2785 in
1628 2721 1676 2786 his
1699 2743 1762 2787 uon
1778 2745 1869 2789 suum
1890 2725 1988 2808 ipsius
2009 2748 2148 2792 amorem

310 2821 365 2885 sed
387 2819 545 2904 Sulpiciae
567 2819 727 2884 cuiusdam
755 2827 786 2886 et
809 2821 949 2886 Cerinthi
979 2822 1137 2910 depingit,
1167 2823 1269 2889 doluit
1301 2823 1451 2888 nimirum
1478 2821 1517 2888 iis
1544 2823 1684 2888 studium
1712 2824 1876 2912 affingere,
1906 2829 1990 2911 quod
2016 2829 2149 2895 fortasse

312 2943 384 2987 curn
405 2921 474 3008 ipso
497 2941 560 2986 uon
582 2923 864 2988 communicabant.
909 2923 959 2988 Ob
981 2926 1111 2990 eandem
1132 2925 1218 2990 illam
1239 2947 1363 2990 causam
1385 2948 1448 2990 non
1469 2946 1566 3010 nego,
1588 2925 1674 3007 quod
1695 2927 1809 2992 sodalis
1831 2949 1916 2993 meus
1938 2929 1977 2994 H.
1995 2929 2146 2996 Grothius

313 3023 348 3088 in
369 3023 586 3088 dissertatione
609 3045 688 3106 quae
709 3023 890 3090 iunci-ibitur
912 3027 1109 3110 quaestiones
1130 3027 1325 3093 Tibullianae
1349 3027 1453 3110 (Helle
1478 3028 1571 3109 1872)
1593 3037 1755 3111 procerte
1777 3031 1912 3114 probare
1926 3031 2056 3106 studuit,
2078 3032 2146 3097 fieri

311 3124 451 3211 potuisse
472 3131 509 3189 ut
529 3131 623 3210 poeta
650 3123 683 3189 in
704 3125 753 3190 his
775 3126 909 3212 eligidiis
939 3129 1139 3194 artificiosam
1171 3135 1363 3194 structuram
1390 3136 1423 3193 et
1443 3131 1676 3211 symmetrioam
1708 3130 1886 3196 adhibuerit
1905 3131 2146 3216 responsionem,

314 3248 409 3310 quam
429 3227 462 3292 iu
484 3225 608 3304 ceteris,
631 3226 664 3290 in
687 3227 800 3310 quibus
821 3217 922 3294 varios
944 3231 992 3294 sui
1013 3230 1110 3316 ipsius
1130 3231 1225 3296 animi
1247 3239 1351 3296 motus
1371 3231 1535 3316 expressit,
1563 3253 1626 3296 uon
1649 3233 1713 3296 sine
1743 3232 1870 3297 oonsilio
1892 3231 2019 3316 sprevit.
2064 3233 2146 3310 Quid

313 3327 396 3392 euim
418 3329 458 3394 ab
479 3327 583 3394 maimo
606 3328 806 3396 vehementer
828 3333 1001 3397 fluctuante
1023 3333 1124 3418 magis
1146 3334 1294 3398 abhorret
1316 3355 1410 3416 quam
1425 3332 1673 3397 accuratissimus
1694 3335 1889 3419 singularum
1902 3332 2041 3419 partium
2063 3355 2148 3399 com·

312 3435 459 3496 mensus?
503 3429 616 3496 Utrum
640 3453 714 3496 vcro
736 3432 852 3498 inillis
874 3435 941 3498 sine
966 3434 1029 3498 ulla
1051 3437 1228 3520 argumenti
1251 3435 1452 3519 dispositione
1474 3437 1521 3500 vis
1544 3442 1576 3500 st
1597 3434 1733 3520 impetus
1755 3455 1900 3500 sensuum
1913 3435 2148 3518 affectuumque

314 3531 500 3597 describitur
519 3556 559 3596 an
581 3555 629 3596 res
662 3533 771 3598 ordine
793 3541 964 3602 narratur?
1007 3536 1117 3620 Neque
1138 3537 1198 3601 hoc
1220 3560 1320 3620 neque
1352 3537 1429 3602 illud
1450 3537 1496 3613 fit,
1519 3538 1574 3602 sed
1594 3547 1688 3623 poeta
1709 3537 1893 3621 plerumque
1927 3544 2147 3622 argumentum

312 3633 358 3698 ita
378 3634 593 3717 persequitur,
615 3642 653 3698 ut
675 3638 888 3721 compluribus
912 3637 1056 3702 carminis
1078 3639 1153 3704 locis
1182 3641 1221 3704 ad
1242 3639 1439 3724 propositum
1461 3639 1547 3722 quod
1568 3638 1656 3704 initio
1678 3639 1883 3725 pronuntiare
1904 3640 1997 3717 solet,
2025 3640 2064 3704 ab
2087 3640 2147 3704 alia

313 3741 408 3818 atque
431 3735 586 3823 digressus
609 3745 655 3801 est
676 3747 768 3823 parte
790 3739 855 3803 fere
876 3739 986 3804 iisdem
1009 3740 1111 3804 verbis
1132 3741 1239 3805 redeat
1266 3745 1298 3805 et
1321 3742 1365 3806 ita
1391 3741 1556 3806 incitatum
1588 3741 1736 3806 orationis
1765 3763 1891 3806 cursum
1917 3741 2145 3826 interrumpens

313 3836 438 3902 lecturis
460 3838 563 3903 animo
585 3845 713 3924 gratum
736 3841 839 3904 locum
860 3841 1036 3924 paullulum
1065 3843 1244 3924 quiescendi
1264 3843 1385 3911 offerat.
1430 3844 1520 3920 Quod
1542 3850 1579 3908 ut
1601 3843 1710 3908 melius
1738 3851 1848 3928 pateat
1876 3843 2050 3927 exemplum
2072 3843 2146 3908 affe-

312 3960 389 4002 ram.
434 3939 558 4005 Primae
580 3941 697 4026 elegiae
719 3951 941 4028 argumentum
962 3950 1130 4030 postquam
1151 3967 1204 4010 sex
1224 3945 1333 4030 primis
1357 3947 1495 4011 versibus
1516 3946 1735 4031 pronuntiavit
1756 3947 1830 4010 hoc:
1864 3945 1987 4029 „paucis
2020 3959 2148 4010 conteu-

312 4043 364 4105 tus
385 4040 453 4105 ruri
475 4041 574 4107 otiosa
594 4042 661 4108 vita
681 4043 744 4108 frui
771 4045 853 4110 malo
883 4068 992 4128 quam,
1024 4053 1061 4110 ut
1080 4047 1135 4112 alii
1162 4048 1278 4122 solent,
1311 4047 1494 4113 divitiarum
1515 4070 1609 4113 causa
1641 4050 1680 4112 ad
1702 4049 1818 4111 bellum
1844 4044 2026 4129 proficisci,“
2050 4047 2147 4112 vitam

313 4139 400 4207 illam
420 4145 596 4209 accinctius
619 4145 885 4230 describiturque
914 4149 954 4214 ad
983 4170 1011 4214 v.
1036 4150 1086 4226 25,
1108 4150 1190 4214 unde
1218 4151 1379 4236 proposito
1407 4151 1520 4217 iterato
1551 4151 1590 4215 ad
1619 4151 1712 4214 aliam
1738 4147 1949 4212 rusticationis
1976 4148 2148 4233 imaginem

313 4244 523 4329 effingendam
543 4246 656 4311 transit
678 4247 717 4311 ab
739 4247 793 4312 illa
815 4247 941 4330 quidem
964 4250 1131 4327 disemum,
1153 4274 1223 4316 cum
1245 4254 1286 4318 ad
1308 4251 1534 4338 agriculturam
1565 4261 1596 4316 et
1618 4251 1795 4335 pecuariam
1817 4248 1932 4333 magis,
1960 4248 2014 4314 illa
2036 4251 2075 4314 ad
2098 4273 2149 4316 ar·

315 4345 428 4410 borum
450 4349 569 4412 cultum
591 4348 762 4433 pertineat,
785 4351 830 4416 ita
851 4359 959 4416 tamen
980 4351 1125 4428 similem,
1147 4359 1184 4419 ut
1205 4355 1466 4438 quemadmodum
1487 4361 1582 4439 poeta
1596 4375 1690 4438 supra
1712 4353 1753 4433 (v.
1777 4353 1807 4416 9.
1826 4352 1877 4432 10)
1900 4372 2025 4436 sperare
2046 4373 2079 4415 se
2094 4355 2148 4430 ait,

314 4469 378 4512 non
399 4449 516 4516 frustra
537 4473 570 4516 se
602 4453 818 4536 plantaturum
839 4453 893 4516 sed
924 4455 996 4519 deos
1024 4455 1146 4539 copiam
1167 4456 1226 4520 sibi
1248 4458 1374 4520 daturos
1397 4479 1473 4532 esse,
1507 4455 1581 4538 quia
1603 4475 1724 4538 semper
1746 4475 1797 4517 eos
1819 4461 1999 4530 veneretur,
2032 4453 2076 4517 sic
2099 4455 2149 4520 hic

315 4551 358 4634 (v.
381 4555 432 4618 33.
455 4554 521 4638 34.)
542 4561 690 4638 precatur
711 4556 751 4620 ab
772 4554 825 4633 iis,
848 4563 883 4620 ut
907 4577 1038 4642 gregem
1058 4579 1149 4621 suum
1170 4565 1295 4623 servent
1317 4559 1358 4622 ob
1380 4558 1507 4622 eandem
1530 4557 1696 4642 pietatem,
1725 4577 1819 4640 quam
1847 4561 1883 4619 ut
1909 4555 1972 4620 illio
1998 4555 2150 4640 pristinae

316 4653 473 4720 felicitatis
495 4655 652 4722 mentione
674 4658 758 4722 facta
780 4659 956 4722 accuratius
978 4659 1115 4744 exponit.
1154 4659 1252 4725 Versu
1275 4662 1313 4724 41
1338 4661 1448 4726 deinde
1469 4660 1599 4724 tertium
1621 4656 1737 4743 repetit
1757 4657 1952 4742 propositum
1976 4665 2007 4722 et
2030 4657 2082 4722 vix
2104 4659 2150 4722 di-

315 4756 419 4821 latare
436 4759 539 4844 coepit
562 4781 632 4823 cum
653 4758 768 4824 iterum
791 4761 832 4842 (v.
855 4763 907 4826 49.
931 4763 996 4843 50.)
1019 4763 1058 4826 ad
1080 4761 1157 4825 illud
1179 4785 1320 4827 reversus
1343 4765 1404 4828 iam
1426 4783 1507 4827 novo
1530 4767 1728 4848 argumento,
1750 4761 1832 4844 quod
1856 4766 1903 4824 eet
1924 4782 2020 4835 amor,
2041 4761 2147 4825 addito

316 4857 449 4940 denique
471 4883 534 4924 uuo
555 4868 665 4926 tenore
686 4883 784 4946 usque
807 4864 846 4927 ad
868 4865 960 4928 finem
982 4863 1089 4948 pergit
1109 4863 1199 4928 initio
1222 4872 1366 4930 accurate
1376 4865 1637 4950 ,respondentem
1680 4864 1788 4928 Talem
1816 4861 2050 4946 dispositionem
2077 4884 2150 4926 cou-

315 4959 384 5024 silio
408 4965 439 5024 et
461 4964 522 5027 arti
542 4963 739 5028 tribuendam
762 4987 826 5028 esse
848 4987 939 5029 nemo
962 4968 1085 5050 estqui
1107 4972 1214 5051 neget;
1238 4974 1323 5031 certa
1338 4974 1442 5032 autern
1464 4968 1534 5053 lege
1557 4973 1651 5050 atque
1674 4965 1768 5030 etiam
1784 4985 1912 5028 numero
1934 4984 2001 5026 eam
2023 4969 2150 5049 aposta

316 5061 486 5148 adligatam
508 5064 601 5130 fuisse
629 5065 751 5148 eqidem
773 5089 836 5132 non
867 5071 945 5150 puto
970 5070 1023 5133 scd
1056 5069 1259 5134 statuendum
1280 5067 1356 5131 mihi
1384 5070 1509 5134 videtur
1537 5093 1616 5146 esse,
1651 5070 1677 5132 si
1700 5089 1762 5149 iqua
1783 5065 1976 5150 singularum
2007 5065 2150 5130 carminis

317 5163 456 5250 partium
478 5167 637 5252 strophica
659 5168 830 5252 aequalitas
851 5168 1044 5247 inveniatur,
1067 5193 1139 5235 casu
1162 5193 1230 5235 eam
1251 5173 1367 5236 factam
1389 5193 1462 5249 esse,
1484 5173 1516 5236 in
1539 5195 1633 5255 quam
1655 5169 1797 5233 Tibullus
1820 5188 1856 5230 eo
1871 5167 1991 5232 facilius
2016 5170 2151 5233 incidere
