<?xml version="1.0" encoding="UTF-8"?>
<!DOCTYPE html PUBLIC "-//W3C//DTD XHTML 1.0 Transitional//EN"
    "http://www.w3.org/TR/xhtml1/DTD/xhtml1-transitional.dtd">
<html xmlns="http://www.w3.org/1999/xhtml" xml:lang="en" lang="en">
 <head>
  <title>
</title>
<meta http-equiv="Content-Type" content="text/html;charset=utf-8" />
  <meta name='ocr-system' content='tesseract 3.04.00' />
  <meta name='ocr-capabilities' content='ocr_page ocr_carea ocr_par ocr_line ocrx_word'/>
</head>
<body>
  <div class='ocr_page' id='page_1' title='image "./tibullusquantum00linkgoog_0010.png"; bbox 0 0 4726 5954; ppageno 0'>
   <div class='ocr_carea' id='block_1_1' title="bbox 1188 447 1209 513">
    <p class='ocr_par' dir='ltr' id='par_1_1' title="bbox 1188 447 1209 513">
     <span class='ocr_line' id='line_1_1' title="bbox 1188 447 1209 513; baseline 0 0"><span class='ocrx_word' id='word_1_1' title='bbox 1188 447 1209 513; x_wconf 78' lang='grc'><strong>3</strong></span> 
     </span>
    </p>
   </div>
   <div class='ocr_carea' id='block_1_2' title="bbox 276 650 2117 1037">
    <p class='ocr_par' dir='ltr' id='par_1_2' title="bbox 276 650 2117 1037">
     <span class='ocr_line' id='line_1_2' title="bbox 276 650 2117 744; baseline 0.003 -25"><span class='ocrx_word' id='word_1_2' title='bbox 276 655 357 720; x_wconf 86' lang='lat' dir='ltr'><strong>amsi</strong></span> <span class='ocrx_word' id='word_1_3' title='bbox 378 676 441 719; x_wconf 93' lang='lat' dir='ltr'><strong>non</strong></span> <span class='ocrx_word' id='word_1_4' title='bbox 457 653 502 718; x_wconf 89' lang='lat' dir='ltr'><strong>ad</strong></span> <span class='ocrx_word' id='word_1_5' title='bbox 524 655 654 718; x_wconf 86' lang='lat' dir='ltr'><strong>verbum</strong></span> <span class='ocrx_word' id='word_1_6' title='bbox 676 650 913 737; x_wconf 86' lang='lat' dir='ltr'><strong>expressit-hoc</strong></span> <span class='ocrx_word' id='word_1_7' title='bbox 934 651 1016 716; x_wconf 90' lang='lat' dir='ltr'><strong>enim</strong></span> <span class='ocrx_word' id='word_1_8' title='bbox 1037 655 1149 736; x_wconf 90' lang='lat' dir='ltr'><strong>putare</strong></span> <span class='ocrx_word' id='word_1_9' title='bbox 1170 651 1236 737; x_wconf 90' lang='lat' dir='ltr'><strong>ipse</strong></span> <span class='ocrx_word' id='word_1_10' title='bbox 1258 674 1313 716; x_wconf 90' lang='lat' dir='ltr'><strong>nos</strong></span> <span class='ocrx_word' id='word_1_11' title='bbox 1336 657 1423 719; x_wconf 87' lang='lat' dir='ltr'><strong>vetat</strong></span> <span class='ocrx_word' id='word_1_12' title='bbox 1444 676 1516 718; x_wconf 87' lang='lat' dir='ltr'><strong>cum</strong></span> <span class='ocrx_word' id='word_1_13' title='bbox 1531 655 1608 720; x_wconf 88' lang='lat' dir='ltr'><strong>duos</strong></span> <span class='ocrx_word' id='word_1_14' title='bbox 1629 656 1828 722; x_wconf 88' lang='lat' dir='ltr'><strong>ascholiasta</strong></span> <span class='ocrx_word' id='word_1_15' title='bbox 1849 658 1890 722; x_wconf 92' lang='lat' dir='ltr'><strong>ad</strong></span> <span class='ocrx_word' id='word_1_16' title='bbox 1911 658 2002 724; x_wconf 84' lang='lat' dir='ltr'><strong>Arati</strong></span> <span class='ocrx_word' id='word_1_17' title='bbox 2020 658 2117 744; x_wconf 90' lang='lat' dir='ltr'><strong>phae-</strong></span> 
     </span>
     <span class='ocr_line' id='line_1_3' title="bbox 279 753 1118 822; baseline -0.01 -1"><span class='ocrx_word' id='word_1_18' title='bbox 279 778 414 822; x_wconf 83' lang='lat' dir='ltr'><strong>nomena</strong></span> <span class='ocrx_word' id='word_1_19' title='bbox 435 759 573 821; x_wconf 87' lang='lat' dir='ltr'><strong>servatos</strong></span> <span class='ocrx_word' id='word_1_20' title='bbox 595 775 701 819; x_wconf 89' lang='lat' dir='ltr'><strong>versus</strong></span> <span class='ocrx_word' id='word_1_21' title='bbox 723 753 794 818; x_wconf 86' lang='lat' dir='ltr'><strong>hos:</strong></span> <span class='ocrx_word' id='word_1_22' title='bbox 1113 753 1118 762; x_wconf 87' lang='grc'><em>“</em></span> 
     </span>
     <span class='ocr_line' id='line_1_4' title="bbox 803 846 1588 939; baseline 0.003 -23"><span class='ocrx_word' id='word_1_23' title='bbox 803 846 822 936; x_wconf 82' lang='grc' dir='ltr'><em>ἦ</em></span> <span class='ocrx_word' id='word_1_24' title='bbox 843 878 880 932; x_wconf 86' lang='grc' dir='ltr'><strong>με</strong></span> <span class='ocrx_word' id='word_1_25' title='bbox 903 851 1018 916; x_wconf 79' lang='lat' dir='ltr'><strong>Ko‘vcm</strong></span> <span class='ocrx_word' id='word_1_26' title='bbox 1040 851 1177 932; x_wconf 53' lang='grc' dir='ltr'><strong>ἔβλεψεν</strong></span> <span class='ocrx_word' id='word_1_27' title='bbox 1199 856 1230 918; x_wconf 75' lang='grc' dir='ltr'><strong>ἓν</strong></span> <span class='ocrx_word' id='word_1_28' title='bbox 1251 853 1321 936; x_wconf 65' lang='grc' dir='ltr'><strong><em>η’ίρι</em></strong></span> <span class='ocrx_word' id='word_1_29' title='bbox 1348 852 1403 918; x_wconf 75' lang='grc' dir='ltr'><strong>τὸν</strong></span> <span class='ocrx_word' id='word_1_30' title='bbox 1425 854 1588 939; x_wconf 77' lang='grc' dir='ltr'><strong><em>Βερενίκης</em></strong></span> 
     </span>
     <span class='ocr_line' id='line_1_5' title="bbox 850 952 1553 1037; baseline -0.001 -19"><span class='ocrx_word' id='word_1_31' title='bbox 850 952 1046 1037; x_wconf 72' lang='grc' dir='ltr'>βόστρυχον,</span> <span class='ocrx_word' id='word_1_32' title='bbox 1068 954 1107 1018; x_wconf 79' lang='grc' dir='ltr'><strong>ὅν</strong></span> <span class='ocrx_word' id='word_1_33' title='bbox 1130 957 1211 1035; x_wconf 72' lang='grc' dir='ltr'><strong><em>κείνη</em></strong></span> <span class='ocrx_word' id='word_1_34' title='bbox 1234 954 1445 1036; x_wconf 68' lang='lat' dir='ltr'><strong>narrataque</strong></span> <span class='ocrx_word' id='word_1_35' title='bbox 1468 960 1553 1031; x_wconf 76' lang='grc' dir='ltr'><strong><em>θεοῖς</em></strong></span> 
     </span>
    </p>
   </div>
   <div class='ocr_carea' id='block_1_3' title="bbox 281 1055 792 1174">
    <p class='ocr_par' dir='ltr' id='par_1_3' title="bbox 281 1055 792 1174">
     <span class='ocr_line' id='line_1_6' title="bbox 281 1055 792 1174; baseline -0.01 -49"><span class='ocrx_word' id='word_1_36' title='bbox 281 1063 431 1174; x_wconf 76' lang='lat' dir='ltr'><strong>qqattuor</strong></span> <span class='ocrx_word' id='word_1_37' title='bbox 451 1057 590 1122; x_wconf 89' lang='lat' dir='ltr'><strong>versibus</strong></span> <span class='ocrx_word' id='word_1_38' title='bbox 611 1055 656 1122; x_wconf 88' lang='lat' dir='ltr'><strong>ita</strong></span> <span class='ocrx_word' id='word_1_39' title='bbox 676 1057 792 1122; x_wconf 82' lang='lat' dir='ltr'><strong>reddit:</strong></span> 
     </span>
    </p>
   </div>
   <div class='ocr_carea' id='block_1_4' title="bbox 277 1155 2212 4998">
    <p class='ocr_par' dir='ltr' id='par_1_4' title="bbox 277 1155 2212 4998">
     <span class='ocr_line' id='line_1_7' title="bbox 802 1155 1598 1222; baseline 0.003 -2"><span class='ocrx_word' id='word_1_40' title='bbox 802 1157 885 1222; x_wconf 91' lang='lat' dir='ltr'><strong>idem</strong></span> <span class='ocrx_word' id='word_1_41' title='bbox 905 1178 955 1221; x_wconf 90' lang='lat' dir='ltr'><strong>mc</strong></span> <span class='ocrx_word' id='word_1_42' title='bbox 977 1155 1030 1220; x_wconf 90' lang='lat' dir='ltr'><strong>illc</strong></span> <span class='ocrx_word' id='word_1_43' title='bbox 1051 1156 1159 1222; x_wconf 91' lang='lat' dir='ltr'><strong>Conon</strong></span> <span class='ocrx_word' id='word_1_44' title='bbox 1180 1157 1304 1222; x_wconf 85' lang='lat' dir='ltr'><strong>caelesti</strong></span> <span class='ocrx_word' id='word_1_45' title='bbox 1324 1157 1359 1221; x_wconf 91' lang='lat' dir='ltr'><strong>in</strong></span> <span class='ocrx_word' id='word_1_46' title='bbox 1381 1157 1496 1222; x_wconf 88' lang='lat' dir='ltr'><strong>lumine</strong></span> <span class='ocrx_word' id='word_1_47' title='bbox 1518 1157 1598 1222; x_wconf 89' lang='lat' dir='ltr'><strong>vidit</strong></span> 
     </span>
     <span class='ocr_line' id='line_1_8' title="bbox 931 1256 1557 1324; baseline 0.002 -3"><span class='ocrx_word' id='word_1_48' title='bbox 931 1256 1137 1322; x_wconf 90' lang='lat' dir='ltr'><strong>eBerenioeo</strong></span> <span class='ocrx_word' id='word_1_49' title='bbox 1160 1258 1276 1324; x_wconf 88' lang='lat' dir='ltr'><strong>vertice</strong></span> <span class='ocrx_word' id='word_1_50' title='bbox 1298 1258 1464 1324; x_wconf 82' lang='lat' dir='ltr'><strong>caesariem</strong></span> <span class='ocrx_word' id='word_1_51' title='bbox 1555 1319 1557 1323; x_wconf 82' lang='lat'>.</span> 
     </span>
     <span class='ocr_line' id='line_1_9' title="bbox 810 1359 1584 1444; baseline 0.001 -21"><span class='ocrx_word' id='word_1_52' title='bbox 810 1359 983 1444; x_wconf 80' lang='lat' dir='ltr'><strong>fulgentem</strong></span> <span class='ocrx_word' id='word_1_53' title='bbox 1005 1359 1102 1438; x_wconf 89' lang='lat' dir='ltr'><strong>clarc,</strong></span> <span class='ocrx_word' id='word_1_54' title='bbox 1125 1382 1219 1444; x_wconf 88' lang='lat' dir='ltr'><strong>quam</strong></span> <span class='ocrx_word' id='word_1_55' title='bbox 1239 1360 1358 1426; x_wconf 68' lang='lat' dir='ltr'><strong>cuncus</strong></span> <span class='ocrx_word' id='word_1_56' title='bbox 1379 1360 1434 1426; x_wconf 89' lang='lat' dir='ltr'><strong>illa</strong></span> <span class='ocrx_word' id='word_1_57' title='bbox 1454 1361 1584 1424; x_wconf 89' lang='lat' dir='ltr'><strong>deorum</strong></span> 
     </span>
     <span class='ocr_line' id='line_1_10' title="bbox 835 1459 1563 1548; baseline 0.004 -24"><span class='ocrx_word' id='word_1_58' title='bbox 835 1461 916 1526; x_wconf 87' lang='lat' dir='ltr'><strong>levia</strong></span> <span class='ocrx_word' id='word_1_59' title='bbox 936 1461 1126 1546; x_wconf 91' lang='lat' dir='ltr'><strong>protendens</strong></span> <span class='ocrx_word' id='word_1_60' title='bbox 1141 1461 1270 1526; x_wconf 89' lang='lat' dir='ltr'><strong>brachia</strong></span> <span class='ocrx_word' id='word_1_61' title='bbox 1290 1459 1432 1548; x_wconf 90' lang='lat' dir='ltr'><strong>pollicita</strong></span> <span class='ocrx_word' id='word_1_62' title='bbox 1454 1466 1501 1527; x_wconf 88' lang='lat' dir='ltr'><strong>est</strong></span> <span class='ocrx_word' id='word_1_63' title='bbox 1524 1501 1563 1514; x_wconf 91' lang='lat'><strong>-—</strong></span> 
     </span>
     <span class='ocr_line' id='line_1_11' title="bbox 277 1559 2117 1648; baseline -0.002 -19"><span class='ocrx_word' id='word_1_64' title='bbox 277 1569 315 1630; x_wconf 88' lang='lat' dir='ltr'><strong>at</strong></span> <span class='ocrx_word' id='word_1_65' title='bbox 338 1567 422 1628; x_wconf 88' lang='lat' dir='ltr'><strong>certe</strong></span> <span class='ocrx_word' id='word_1_66' title='bbox 444 1561 607 1626; x_wconf 71' lang='lat' dir='ltr'><strong>sententiis</strong></span> <span class='ocrx_word' id='word_1_67' title='bbox 629 1582 729 1645; x_wconf 89' lang='lat' dir='ltr'><strong>neque</strong></span> <span class='ocrx_word' id='word_1_68' title='bbox 750 1562 837 1626; x_wconf 85' lang='lat' dir='ltr'><strong>auxit</strong></span> <span class='ocrx_word' id='word_1_69' title='bbox 859 1584 959 1646; x_wconf 88' lang='lat' dir='ltr'><strong>neque</strong></span> <span class='ocrx_word' id='word_1_70' title='bbox 981 1561 1102 1627; x_wconf 90' lang='lat' dir='ltr'><strong>minuit.</strong></span> <span class='ocrx_word' id='word_1_71' title='bbox 1146 1561 1263 1628; x_wconf 81' lang='lat' dir='ltr'><strong>Totum</strong></span> <span class='ocrx_word' id='word_1_72' title='bbox 1283 1563 1366 1629; x_wconf 89' lang='lat' dir='ltr'><strong>illius</strong></span> <span class='ocrx_word' id='word_1_73' title='bbox 1388 1562 1532 1628; x_wconf 86' lang='lat' dir='ltr'><strong>carminis</strong></span> <span class='ocrx_word' id='word_1_74' title='bbox 1553 1565 1788 1648; x_wconf 79' lang='lat' dir='ltr'><strong>argumentum,</strong></span> <span class='ocrx_word' id='word_1_75' title='bbox 1810 1581 1882 1624; x_wconf 92' lang='lat' dir='ltr'><strong>cnm</strong></span> <span class='ocrx_word' id='word_1_76' title='bbox 1902 1559 1944 1624; x_wconf 89' lang='lat' dir='ltr'><strong>sit</strong></span> <span class='ocrx_word' id='word_1_77' title='bbox 1960 1561 2117 1644; x_wconf 91' lang='lat' dir='ltr'><strong>querimo-</strong></span> 
     </span>
     <span class='ocr_line' id='line_1_12' title="bbox 282 1661 2124 1751; baseline -0.001 -21"><span class='ocrx_word' id='word_1_78' title='bbox 282 1665 334 1730; x_wconf 89' lang='lat' dir='ltr'><strong>nia</strong></span> <span class='ocrx_word' id='word_1_79' title='bbox 357 1672 388 1730; x_wconf 92' lang='lat' dir='ltr'><strong>et</strong></span> <span class='ocrx_word' id='word_1_80' title='bbox 410 1663 596 1728; x_wconf 88' lang='lat' dir='ltr'><strong>desiderium</strong></span> <span class='ocrx_word' id='word_1_81' title='bbox 617 1685 723 1728; x_wconf 86' lang='lat' dir='ltr'><strong>comae</strong></span> <span class='ocrx_word' id='word_1_82' title='bbox 745 1687 763 1728; x_wconf 91' lang='lat' dir='ltr'><strong>a</strong></span> <span class='ocrx_word' id='word_1_83' title='bbox 786 1661 928 1727; x_wconf 89' lang='lat' dir='ltr'><strong>dominae</strong></span> <span class='ocrx_word' id='word_1_84' title='bbox 949 1663 1065 1750; x_wconf 82' lang='lat' dir='ltr'><strong>vertice</strong></span> <span class='ocrx_word' id='word_1_85' title='bbox 1087 1663 1238 1742; x_wconf 87' lang='lat' dir='ltr'><strong>abscisae,</strong></span> <span class='ocrx_word' id='word_1_86' title='bbox 1266 1670 1313 1730; x_wconf 88' lang='lat' dir='ltr'><strong>est</strong></span> <span class='ocrx_word' id='word_1_87' title='bbox 1339 1665 1502 1751; x_wconf 89' lang='lat' dir='ltr'><strong>proprium</strong></span> <span class='ocrx_word' id='word_1_88' title='bbox 1528 1664 1653 1748; x_wconf 89' lang='lat' dir='ltr'><strong>quidem</strong></span> <span class='ocrx_word' id='word_1_89' title='bbox 1682 1661 1813 1748; x_wconf 78' lang='lat' dir='ltr'><strong>elegiae,</strong></span> <span class='ocrx_word' id='word_1_90' title='bbox 1841 1662 1990 1726; x_wconf 89' lang='lat' dir='ltr'><strong>obmtum</strong></span> <span class='ocrx_word' id='word_1_91' title='bbox 2012 1668 2124 1744; x_wconf 53' lang='lat' dir='ltr'><strong>tamen,</strong></span> 
     </span>
     <span class='ocr_line' id='line_1_13' title="bbox 281 1762 2119 1850; baseline -0.002 -18"><span class='ocrx_word' id='word_1_92' title='bbox 281 1766 460 1834; x_wconf 88' lang='lat' dir='ltr'><strong>fabularum</strong></span> <span class='ocrx_word' id='word_1_93' title='bbox 482 1769 514 1830; x_wconf 90' lang='lat' dir='ltr'><strong>et</strong></span> <span class='ocrx_word' id='word_1_94' title='bbox 536 1765 748 1850; x_wconf 86' lang='lat' dir='ltr'><strong>exemplorum</strong></span> <span class='ocrx_word' id='word_1_95' title='bbox 770 1765 985 1842; x_wconf 89' lang='lat' dir='ltr'><strong>multitudine,</strong></span> <span class='ocrx_word' id='word_1_96' title='bbox 1013 1787 1094 1848; x_wconf 87' lang='lat' dir='ltr'><strong>quae</strong></span> <span class='ocrx_word' id='word_1_97' title='bbox 1114 1771 1208 1850; x_wconf 88' lang='lat' dir='ltr'><strong>poeta</strong></span> <span class='ocrx_word' id='word_1_98' title='bbox 1224 1771 1267 1830; x_wconf 85' lang='lat' dir='ltr'><strong>&#39;ex</strong></span> <span class='ocrx_word' id='word_1_99' title='bbox 1289 1766 1494 1843; x_wconf 81' lang='lat' dir='ltr'><strong>astronomia,</strong></span> <span class='ocrx_word' id='word_1_100' title='bbox 1516 1764 1726 1850; x_wconf 85' lang='lat' dir='ltr'><strong>mythologia,</strong></span> <span class='ocrx_word' id='word_1_101' title='bbox 1748 1762 1894 1842; x_wconf 87' lang='lat' dir='ltr'><strong>historia,</strong></span> <span class='ocrx_word' id='word_1_102' title='bbox 1923 1764 2119 1849; x_wconf 83' lang='lat' dir='ltr'><strong>geographia</strong></span> 
     </span>
     <span class='ocr_line' id='line_1_14' title="bbox 281 1851 2119 1955; baseline -0.002 -22"><span class='ocrx_word' id='word_1_103' title='bbox 281 1867 449 1955; x_wconf 85' lang='lat' dir='ltr'><strong>prompsit,</strong></span> <span class='ocrx_word' id='word_1_104' title='bbox 471 1871 507 1932; x_wconf 88' lang='lat' dir='ltr'><strong>ut</strong></span> <span class='ocrx_word' id='word_1_105' title='bbox 529 1889 653 1944; x_wconf 81' lang='lat' dir='ltr'><strong>carmen</strong></span> <span class='ocrx_word' id='word_1_106' title='bbox 675 1865 841 1931; x_wconf 87' lang='lat' dir='ltr'><strong>luminibus</strong></span> <span class='ocrx_word' id='word_1_107' title='bbox 871 1867 958 1949; x_wconf 82' lang='lat' dir='ltr'><strong>qnasi</strong></span> <span class='ocrx_word' id='word_1_108' title='bbox 986 1873 1121 1932; x_wconf 89' lang='lat' dir='ltr'><strong>ornaret.</strong></span> <span class='ocrx_word' id='word_1_109' title='bbox 1166 1867 1207 1931; x_wconf 86' lang='lat' dir='ltr'><strong>Et</strong></span> <span class='ocrx_word' id='word_1_110' title='bbox 1228 1867 1333 1951; x_wconf 88' lang='lat' dir='ltr'><strong>qualia</strong></span> <span class='ocrx_word' id='word_1_111' title='bbox 1355 1873 1429 1933; x_wconf 88' lang='lat' dir='ltr'><strong>sunt</strong></span> <span class='ocrx_word' id='word_1_112' title='bbox 1456 1867 1575 1932; x_wconf 90' lang='lat' dir='ltr'><strong>lumina</strong></span> <span class='ocrx_word' id='word_1_113' title='bbox 1601 1866 1668 1943; x_wconf 88' lang='lat' dir='ltr'><strong>illa,</strong></span> <span class='ocrx_word' id='word_1_114' title='bbox 1696 1865 1722 1929; x_wconf 89' lang='lat' dir='ltr'><strong>si</strong></span> <span class='ocrx_word' id='word_1_115' title='bbox 1750 1851 1876 1949; x_wconf 89' lang='lat' dir='ltr'><strong>quidem</strong></span> <span class='ocrx_word' id='word_1_116' title='bbox 1903 1865 1963 1928; x_wconf 90' lang='lat' dir='ltr'><strong>hoc</strong></span> <span class='ocrx_word' id='word_1_117' title='bbox 1992 1865 2119 1930; x_wconf 89' lang='lat' dir='ltr'><strong>nomine</strong></span> 
     </span>
     <span class='ocr_line' id='line_1_15' title="bbox 282 1965 2117 2054; baseline 0 -20"><span class='ocrx_word' id='word_1_118' title='bbox 282 1971 377 2054; x_wconf 89' lang='lat' dir='ltr'><strong>digna</strong></span> <span class='ocrx_word' id='word_1_119' title='bbox 398 1973 491 2033; x_wconf 82' lang='lat' dir='ltr'><strong>sunt?</strong></span> <span class='ocrx_word' id='word_1_120' title='bbox 534 1967 577 2033; x_wconf 87' lang='lat' dir='ltr'><strong>Ut</strong></span> <span class='ocrx_word' id='word_1_121' title='bbox 599 1970 637 2032; x_wconf 91' lang='lat' dir='ltr'><strong>de</strong></span> <span class='ocrx_word' id='word_1_122' title='bbox 658 1969 783 2033; x_wconf 87' lang='lat' dir='ltr'><strong>fictione</strong></span> <span class='ocrx_word' id='word_1_123' title='bbox 804 1969 872 2053; x_wconf 90' lang='lat' dir='ltr'><strong>ipsa</strong></span> <span class='ocrx_word' id='word_1_124' title='bbox 892 1974 1028 2046; x_wconf 88' lang='lat' dir='ltr'><strong>taceam,</strong></span> <span class='ocrx_word' id='word_1_125' title='bbox 1050 1991 1112 2052; x_wconf 90' lang='lat' dir='ltr'><strong>qua</strong></span> <span class='ocrx_word' id='word_1_126' title='bbox 1133 1990 1205 2033; x_wconf 88' lang='lat' dir='ltr'><strong>usus</strong></span> <span class='ocrx_word' id='word_1_127' title='bbox 1228 1969 1434 2034; x_wconf 78' lang='lat' dir='ltr'><strong>Callimachus</strong></span> <span class='ocrx_word' id='word_1_128' title='bbox 1456 1969 1640 2044; x_wconf 88' lang='lat' dir='ltr'><strong>Berenicen,</strong></span> <span class='ocrx_word' id='word_1_129' title='bbox 1669 1965 1842 2032; x_wconf 88' lang='lat' dir='ltr'><strong>Ptolemaei</strong></span> <span class='ocrx_word' id='word_1_130' title='bbox 1863 1967 1947 2052; x_wconf 87' lang='lat' dir='ltr'><strong>regis</strong></span> <span class='ocrx_word' id='word_1_131' title='bbox 1978 1989 2117 2046; x_wconf 86' lang='lat' dir='ltr'><strong>uxorem,</strong></span> 
     </span>
     <span class='ocr_line' id='line_1_16' title="bbox 282 2067 2118 2156; baseline -0.001 -21"><span class='ocrx_word' id='word_1_132' title='bbox 282 2070 466 2145; x_wconf 89' lang='lat' dir='ltr'><strong>celebravit,</strong></span> <span class='ocrx_word' id='word_1_133' title='bbox 488 2075 567 2154; x_wconf 90' lang='lat' dir='ltr'><strong>quot</strong></span> <span class='ocrx_word' id='word_1_134' title='bbox 587 2071 726 2136; x_wconf 89' lang='lat' dir='ltr'><strong>versibus</strong></span> <span class='ocrx_word' id='word_1_135' title='bbox 748 2071 938 2155; x_wconf 87' lang='lat' dir='ltr'><strong>consumptis</strong></span> <span class='ocrx_word' id='word_1_136' title='bbox 960 2070 1076 2135; x_wconf 91' lang='lat' dir='ltr'><strong>crinem</strong></span> <span class='ocrx_word' id='word_1_137' title='bbox 1097 2070 1131 2134; x_wconf 93' lang='lat' dir='ltr'><strong>in</strong></span> <span class='ocrx_word' id='word_1_138' title='bbox 1150 2070 1280 2136; x_wconf 87' lang='lat' dir='ltr'><strong>Veneris</strong></span> <span class='ocrx_word' id='word_1_139' title='bbox 1295 2070 1415 2156; x_wconf 90' lang='lat' dir='ltr'><strong>gremio</strong></span> <span class='ocrx_word' id='word_1_140' title='bbox 1437 2071 1564 2136; x_wconf 90' lang='lat' dir='ltr'><strong>tandem</strong></span> <span class='ocrx_word' id='word_1_141' title='bbox 1587 2068 1765 2146; x_wconf 89' lang='lat' dir='ltr'><strong>collocavit,</strong></span> <span class='ocrx_word' id='word_1_142' title='bbox 1787 2067 1948 2133; x_wconf 88' lang='lat' dir='ltr'><strong>occasione</strong></span> <span class='ocrx_word' id='word_1_143' title='bbox 1969 2068 2118 2133; x_wconf 85' lang='lat' dir='ltr'><strong>nimirum</strong></span> 
     </span>
     <span class='ocr_line' id='line_1_17' title="bbox 281 2169 2119 2259; baseline -0.001 -22"><span class='ocrx_word' id='word_1_144' title='bbox 281 2172 387 2238; x_wconf 88' lang='lat' dir='ltr'><strong>oblata</strong></span> <span class='ocrx_word' id='word_1_145' title='bbox 408 2172 457 2235; x_wconf 92' lang='lat' dir='ltr'><strong>vel</strong></span> <span class='ocrx_word' id='word_1_146' title='bbox 479 2172 583 2257; x_wconf 89' lang='lat' dir='ltr'><strong>potius</strong></span> <span class='ocrx_word' id='word_1_147' title='bbox 605 2177 731 2259; x_wconf 88' lang='lat' dir='ltr'><strong>arrepta</strong></span> <span class='ocrx_word' id='word_1_148' title='bbox 751 2190 856 2236; x_wconf 90' lang='lat' dir='ltr'><strong>rerum</strong></span> <span class='ocrx_word' id='word_1_149' title='bbox 878 2173 1100 2255; x_wconf 90' lang='lat' dir='ltr'><strong>nominumque</strong></span> <span class='ocrx_word' id='word_1_150' title='bbox 1122 2173 1364 2250; x_wconf 86' lang='lat' dir='ltr'><strong>afferendorum,</strong></span> <span class='ocrx_word' id='word_1_151' title='bbox 1388 2187 1467 2254; x_wconf 84' lang='lat' dir='ltr'><strong>quae</strong></span> <span class='ocrx_word' id='word_1_152' title='bbox 1488 2173 1620 2237; x_wconf 87' lang='lat' dir='ltr'><strong>fortasse</strong></span> <span class='ocrx_word' id='word_1_153' title='bbox 1640 2171 1703 2236; x_wconf 90' lang='lat' dir='ltr'><strong>iam</strong></span> <span class='ocrx_word' id='word_1_154' title='bbox 1724 2173 1793 2234; x_wconf 91' lang='lat' dir='ltr'><strong>tum</strong></span> <span class='ocrx_word' id='word_1_155' title='bbox 1807 2169 1971 2255; x_wconf 86' lang='lat' dir='ltr'><strong>plerisque</strong></span> <span class='ocrx_word' id='word_1_156' title='bbox 1993 2170 2119 2236; x_wconf 85' lang='lat' dir='ltr'><strong>lectori·</strong></span> 
     </span>
     <span class='ocr_line' id='line_1_18' title="bbox 281 2271 2117 2360; baseline -0.001 -22"><span class='ocrx_word' id='word_1_157' title='bbox 281 2274 338 2339; x_wconf 91' lang='lat' dir='ltr'><strong>bus</strong></span> <span class='ocrx_word' id='word_1_158' title='bbox 370 2273 480 2359; x_wconf 86' lang='lat' dir='ltr'><strong>ignota</strong></span> <span class='ocrx_word' id='word_1_159' title='bbox 507 2296 629 2360; x_wconf 88' lang='lat' dir='ltr'><strong>semper</strong></span> <span class='ocrx_word' id='word_1_160' title='bbox 658 2275 790 2339; x_wconf 86' lang='lat' dir='ltr'><strong>obscura</strong></span> <span class='ocrx_word' id='word_1_161' title='bbox 816 2276 1000 2353; x_wconf 89' lang='lat' dir='ltr'><strong>manebunt,</strong></span> <span class='ocrx_word' id='word_1_162' title='bbox 1030 2274 1171 2357; x_wconf 88' lang='lat' dir='ltr'><strong>quamvis</strong></span> <span class='ocrx_word' id='word_1_163' title='bbox 1200 2273 1340 2338; x_wconf 91' lang='lat' dir='ltr'><strong>omnium</strong></span> <span class='ocrx_word' id='word_1_164' title='bbox 1370 2279 1547 2357; x_wconf 87' lang='lat' dir='ltr'><strong>temporum</strong></span> <span class='ocrx_word' id='word_1_165' title='bbox 1573 2275 1759 2358; x_wconf 76' lang='lat' dir='ltr'><strong>interpretes</strong></span> <span class='ocrx_word' id='word_1_166' title='bbox 1785 2271 1820 2336; x_wconf 93' lang='lat' dir='ltr'><strong>in</strong></span> <span class='ocrx_word' id='word_1_167' title='bbox 1845 2271 1883 2336; x_wconf 90' lang='lat' dir='ltr'><strong>iis</strong></span> <span class='ocrx_word' id='word_1_168' title='bbox 1917 2272 2117 2356; x_wconf 83' lang='lat' dir='ltr'><strong>explanandis</strong></span> 
     </span>
     <span class='ocr_line' id='line_1_19' title="bbox 281 2371 2118 2461; baseline 0.001 -23"><span class='ocrx_word' id='word_1_169' title='bbox 281 2396 409 2460; x_wconf 89' lang='lat' dir='ltr'><strong>operam</strong></span> <span class='ocrx_word' id='word_1_170' title='bbox 429 2375 630 2460; x_wconf 88' lang='lat' dir='ltr'><strong>perdiderint.</strong></span> <span class='ocrx_word' id='word_1_171' title='bbox 675 2376 792 2440; x_wconf 89' lang='lat' dir='ltr'><strong>Contra</strong></span> <span class='ocrx_word' id='word_1_172' title='bbox 812 2376 964 2452; x_wconf 90' lang='lat' dir='ltr'><strong>fabulam,</strong></span> <span class='ocrx_word' id='word_1_173' title='bbox 987 2397 1066 2458; x_wconf 91' lang='lat' dir='ltr'><strong>quae</strong></span> <span class='ocrx_word' id='word_1_174' title='bbox 1088 2382 1135 2439; x_wconf 90' lang='lat' dir='ltr'><strong>est</strong></span> <span class='ocrx_word' id='word_1_175' title='bbox 1157 2375 1194 2439; x_wconf 91' lang='lat' dir='ltr'><strong>de</strong></span> <span class='ocrx_word' id='word_1_176' title='bbox 1215 2375 1410 2458; x_wconf 81' lang='lat' dir='ltr'><strong>Endymione</strong></span> <span class='ocrx_word' id='word_1_177' title='bbox 1432 2374 1554 2440; x_wconf 89' lang='lat' dir='ltr'><strong>aLuna</strong></span> <span class='ocrx_word' id='word_1_178' title='bbox 1575 2375 1752 2461; x_wconf 88' lang='lat' dir='ltr'><strong>consopito,</strong></span> <span class='ocrx_word' id='word_1_179' title='bbox 1774 2371 2022 2438; x_wconf 89' lang='lat' dir='ltr'><strong>venustissimam</strong></span> <span class='ocrx_word' id='word_1_180' title='bbox 2042 2397 2118 2460; x_wconf 90' lang='lat' dir='ltr'><strong>pro-</strong></span> 
     </span>
     <span class='ocr_line' id='line_1_20' title="bbox 284 2473 2114 2562; baseline 0.001 -22"><span class='ocrx_word' id='word_1_181' title='bbox 284 2477 367 2542; x_wconf 82' lang='lat' dir='ltr'><strong>fecto</strong></span> <span class='ocrx_word' id='word_1_182' title='bbox 391 2482 422 2540; x_wconf 92' lang='lat' dir='ltr'><strong>et</strong></span> <span class='ocrx_word' id='word_1_183' title='bbox 446 2476 667 2553; x_wconf 86' lang='lat' dir='ltr'><strong>dulcissimam,</strong></span> <span class='ocrx_word' id='word_1_184' title='bbox 688 2483 782 2562; x_wconf 91' lang='lat' dir='ltr'><strong>poeta</strong></span> <span class='ocrx_word' id='word_1_185' title='bbox 802 2477 913 2540; x_wconf 88' lang='lat' dir='ltr'><strong>leviter</strong></span> <span class='ocrx_word' id='word_1_186' title='bbox 934 2481 1059 2542; x_wconf 89' lang='lat' dir='ltr'><strong>tantum</strong></span> <span class='ocrx_word' id='word_1_187' title='bbox 1080 2477 1199 2562; x_wconf 89' lang='lat' dir='ltr'><strong>tangit,</strong></span> <span class='ocrx_word' id='word_1_188' title='bbox 1229 2477 1345 2562; x_wconf 90' lang='lat' dir='ltr'><strong>quippe</strong></span> <span class='ocrx_word' id='word_1_189' title='bbox 1367 2498 1446 2559; x_wconf 91' lang='lat' dir='ltr'><strong>quae</strong></span> <span class='ocrx_word' id='word_1_190' title='bbox 1468 2482 1524 2540; x_wconf 88' lang='lat' dir='ltr'><strong>aut</strong></span> <span class='ocrx_word' id='word_1_191' title='bbox 1545 2475 1635 2540; x_wconf 90' lang='lat' dir='ltr'><strong>nimis</strong></span> <span class='ocrx_word' id='word_1_192' title='bbox 1658 2483 1734 2542; x_wconf 88' lang='lat' dir='ltr'><strong>nota</strong></span> <span class='ocrx_word' id='word_1_193' title='bbox 1756 2480 1811 2540; x_wconf 91' lang='lat' dir='ltr'><strong>aut</strong></span> <span class='ocrx_word' id='word_1_194' title='bbox 1837 2473 2011 2558; x_wconf 76' lang='lat' dir='ltr'><strong>simplicior</strong></span> <span class='ocrx_word' id='word_1_195' title='bbox 2033 2481 2114 2541; x_wconf 87' lang='lat' dir='ltr'><strong>esset</strong></span> 
     </span>
     <span class='ocr_line' id='line_1_21' title="bbox 284 2575 1913 2663; baseline -0.002 -21"><span class='ocrx_word' id='word_1_196' title='bbox 284 2601 379 2660; x_wconf 87' lang='lat' dir='ltr'><strong>quam</strong></span> <span class='ocrx_word' id='word_1_197' title='bbox 402 2599 488 2660; x_wconf 90' lang='lat' dir='ltr'><strong>quac·</strong></span> <span class='ocrx_word' id='word_1_198' title='bbox 510 2576 668 2642; x_wconf 89' lang='lat' dir='ltr'><strong>doctrinae</strong></span> <span class='ocrx_word' id='word_1_199' title='bbox 690 2578 892 2642; x_wconf 86' lang='lat' dir='ltr'><strong>ostentandae</strong></span> <span class='ocrx_word' id='word_1_200' title='bbox 920 2577 1041 2663; x_wconf 90' lang='lat' dir='ltr'><strong>copiam</strong></span> <span class='ocrx_word' id='word_1_201' title='bbox 1062 2580 1236 2663; x_wconf 89' lang='lat' dir='ltr'><strong>praeberet.</strong></span> <span class='ocrx_word' id='word_1_202' title='bbox 1281 2579 1381 2655; x_wconf 83' lang='lat' dir='ltr'><strong>Quam</strong></span> <span class='ocrx_word' id='word_1_203' title='bbox 1404 2577 1503 2661; x_wconf 88' lang='lat' dir='ltr'><strong>inepti</strong></span> <span class='ocrx_word' id='word_1_204' title='bbox 1523 2599 1619 2663; x_wconf 88' lang='lat' dir='ltr'><strong>porro</strong></span> <span class='ocrx_word' id='word_1_205' title='bbox 1641 2583 1715 2642; x_wconf 90' lang='lat' dir='ltr'><strong>sunt</strong></span> <span class='ocrx_word' id='word_1_206' title='bbox 1736 2598 1842 2641; x_wconf 90' lang='lat' dir='ltr'><strong>versus</strong></span> <span class='ocrx_word' id='word_1_207' title='bbox 1864 2575 1913 2639; x_wconf 93' lang='lat' dir='ltr'><strong>hi:</strong></span> 
     </span>
     <span class='ocr_line' id='line_1_22' title="bbox 858 2679 1546 2765; baseline 0 -22"><span class='ocrx_word' id='word_1_208' title='bbox 858 2679 913 2743; x_wconf 90' lang='lat' dir='ltr'><strong>sed</strong></span> <span class='ocrx_word' id='word_1_209' title='bbox 936 2680 990 2761; x_wconf 90' lang='lat' dir='ltr'><strong>qui</strong></span> <span class='ocrx_word' id='word_1_210' title='bbox 1012 2703 1043 2744; x_wconf 91' lang='lat' dir='ltr'><strong>se</strong></span> <span class='ocrx_word' id='word_1_211' title='bbox 1065 2679 1148 2743; x_wconf 85' lang='lat' dir='ltr'><strong>ferro</strong></span> <span class='ocrx_word' id='word_1_212' title='bbox 1170 2680 1308 2764; x_wconf 90' lang='lat' dir='ltr'><strong>postulet</strong></span> <span class='ocrx_word' id='word_1_213' title='bbox 1331 2701 1395 2745; x_wconf 89' lang='lat' dir='ltr'><strong>esse</strong></span> <span class='ocrx_word' id='word_1_214' title='bbox 1416 2683 1546 2765; x_wconf 80' lang='lat' dir='ltr'><strong>parem?</strong></span> 
     </span>
     <span class='ocr_line' id='line_1_23' title="bbox 705 2777 1689 2864; baseline 0.001 -22"><span class='ocrx_word' id='word_1_215' title='bbox 705 2777 762 2842; x_wconf 88' lang='lat' dir='ltr'><strong>llle</strong></span> <span class='ocrx_word' id='word_1_216' title='bbox 784 2801 908 2862; x_wconf 91' lang='lat' dir='ltr'><strong>quoque</strong></span> <span class='ocrx_word' id='word_1_217' title='bbox 930 2803 1054 2845; x_wconf 88' lang='lat' dir='ltr'><strong>eversus</strong></span> <span class='ocrx_word' id='word_1_218' title='bbox 1078 2803 1165 2850; x_wconf 85' lang='lat' dir='ltr'><strong>mons</strong></span> <span class='ocrx_word' id='word_1_219' title='bbox 1187 2788 1234 2845; x_wconf 90' lang='lat' dir='ltr'><strong>cst</strong></span> <span class='ocrx_word' id='word_1_220' title='bbox 1255 2801 1348 2864; x_wconf 87' lang='lat' dir='ltr'><strong>quem</strong></span> <span class='ocrx_word' id='word_1_221' title='bbox 1369 2781 1538 2845; x_wconf 84' lang='lat' dir='ltr'><strong>maximum</strong></span> <span class='ocrx_word' id='word_1_222' title='bbox 1559 2781 1592 2844; x_wconf 95' lang='lat' dir='ltr'><strong>iu</strong></span> <span class='ocrx_word' id='word_1_223' title='bbox 1614 2781 1689 2844; x_wconf 90' lang='lat' dir='ltr'><strong>orbe</strong></span> 
     </span>
     <span class='ocr_line' id='line_1_24' title="bbox 843 2881 1554 2968; baseline 0.003 -25"><span class='ocrx_word' id='word_1_224' title='bbox 843 2881 1008 2965; x_wconf 85' lang='lat' dir='ltr'><strong>progenies</strong></span> <span class='ocrx_word' id='word_1_225' title='bbox 1030 2881 1128 2946; x_wconf 85' lang='lat' dir='ltr'><strong>Thiae</strong></span> <span class='ocrx_word' id='word_1_226' title='bbox 1150 2884 1233 2948; x_wconf 92' lang='lat' dir='ltr'><strong>clara</strong></span> <span class='ocrx_word' id='word_1_227' title='bbox 1255 2883 1474 2968; x_wconf 88' lang='lat' dir='ltr'><strong>supervehitur</strong></span> <span class='ocrx_word' id='word_1_228' title='bbox 1496 2889 1554 2946; x_wconf 87' lang='lat' dir='ltr'><strong>eto.</strong></span> 
     </span>
     <span class='ocr_line' id='line_1_25' title="bbox 285 2979 2117 3067; baseline 0 -23"><span class='ocrx_word' id='word_1_229' title='bbox 285 3003 364 3063; x_wconf 67' lang='lat' dir='ltr'><strong>aquae</strong></span> <span class='ocrx_word' id='word_1_230' title='bbox 386 2980 577 3065; x_wconf 86' lang='lat' dir='ltr'><strong>comparatio</strong></span> <span class='ocrx_word' id='word_1_231' title='bbox 605 2980 776 3044; x_wconf 87' lang='lat' dir='ltr'><strong>levissimae</strong></span> <span class='ocrx_word' id='word_1_232' title='bbox 803 2981 1010 3065; x_wconf 84' lang='lat' dir='ltr'><strong>minimaeque</strong></span> <span class='ocrx_word' id='word_1_233' title='bbox 1037 2984 1083 3048; x_wconf 92' lang='lat' dir='ltr'><strong>rei</strong></span> <span class='ocrx_word' id='word_1_234' title='bbox 1111 3007 1182 3048; x_wconf 91' lang='lat' dir='ltr'><strong>cum</strong></span> <span class='ocrx_word' id='word_1_235' title='bbox 1209 2984 1343 3048; x_wconf 81' lang='lat' dir='ltr'><strong>maxima</strong></span> <span class='ocrx_word' id='word_1_236' title='bbox 1370 2984 1402 3049; x_wconf 93' lang='lat' dir='ltr'><strong>in</strong></span> <span class='ocrx_word' id='word_1_237' title='bbox 1434 2984 1552 3049; x_wconf 89' lang='lat' dir='ltr'><strong>comico</strong></span> <span class='ocrx_word' id='word_1_238' title='bbox 1576 2981 1702 3067; x_wconf 89' lang='lat' dir='ltr'><strong>quidem</strong></span> <span class='ocrx_word' id='word_1_239' title='bbox 1732 2979 1868 3046; x_wconf 89' lang='lat' dir='ltr'><strong>carmine</strong></span> <span class='ocrx_word' id='word_1_240' title='bbox 1889 3001 2009 3043; x_wconf 90' lang='lat' dir='ltr'><strong>summa</strong></span> <span class='ocrx_word' id='word_1_241' title='bbox 2032 2979 2063 3042; x_wconf 95' lang='lat' dir='ltr'><strong>vi</strong></span> <span class='ocrx_word' id='word_1_242' title='bbox 2085 2984 2117 3044; x_wconf 88' lang='lat' dir='ltr'><strong>et</strong></span> 
     </span>
     <span class='ocr_line' id='line_1_26' title="bbox 285 3080 2115 3170; baseline -0.001 -24"><span class='ocrx_word' id='word_1_243' title='bbox 285 3081 396 3146; x_wconf 85' lang='lat' dir='ltr'><strong>effectu</strong></span> <span class='ocrx_word' id='word_1_244' title='bbox 419 3081 451 3146; x_wconf 91' lang='lat' dir='ltr'><strong>in</strong></span> <span class='ocrx_word' id='word_1_245' title='bbox 474 3080 610 3166; x_wconf 90' lang='lat' dir='ltr'><strong>elegiaco</strong></span> <span class='ocrx_word' id='word_1_246' title='bbox 632 3087 737 3145; x_wconf 71' lang='lat' dir='ltr'><strong>tarmen</strong></span> <span class='ocrx_word' id='word_1_247' title='bbox 758 3082 892 3148; x_wconf 76' lang='lat' dir='ltr'><strong>infacete</strong></span> <span class='ocrx_word' id='word_1_248' title='bbox 920 3089 1015 3166; x_wconf 88' lang='lat' dir='ltr'><strong>atque</strong></span> <span class='ocrx_word' id='word_1_249' title='bbox 1042 3085 1137 3150; x_wconf 89' lang='lat' dir='ltr'><strong>etiam</strong></span> <span class='ocrx_word' id='word_1_250' title='bbox 1158 3086 1289 3154; x_wconf 90' lang='lat' dir='ltr'><strong>ridicula</strong></span> <span class='ocrx_word' id='word_1_251' title='bbox 1312 3093 1367 3150; x_wconf 87' lang='lat' dir='ltr'><strong>est.</strong></span> <span class='ocrx_word' id='word_1_252' title='bbox 1410 3085 1500 3150; x_wconf 81' lang='lat' dir='ltr'><strong>Tales</strong></span> <span class='ocrx_word' id='word_1_253' title='bbox 1527 3085 1626 3170; x_wconf 89' lang='lat' dir='ltr'><strong>igitur</strong></span> <span class='ocrx_word' id='word_1_254' title='bbox 1653 3082 1834 3148; x_wconf 81' lang='lat' dir='ltr'><strong>Callimachi</strong></span> <span class='ocrx_word' id='word_1_255' title='bbox 1863 3080 1980 3165; x_wconf 80' lang='lat' dir='ltr'><strong>elegiae</strong></span> <span class='ocrx_word' id='word_1_256' title='bbox 2009 3103 2115 3145; x_wconf 91' lang='lat' dir='ltr'><strong>omues</strong></span> 
     </span>
     <span class='ocr_line' id='line_1_27' title="bbox 284 3182 2118 3269; baseline -0.001 -22"><span class='ocrx_word' id='word_1_257' title='bbox 284 3185 377 3248; x_wconf 90' lang='lat' dir='ltr'><strong>fuisse</strong></span> <span class='ocrx_word' id='word_1_258' title='bbox 398 3184 556 3269; x_wconf 88' lang='lat' dir='ltr'><strong>putandae</strong></span> <span class='ocrx_word' id='word_1_259' title='bbox 577 3191 665 3260; x_wconf 89' lang='lat' dir='ltr'><strong>sunt,</strong></span> <span class='ocrx_word' id='word_1_260' title='bbox 693 3207 732 3248; x_wconf 90' lang='lat' dir='ltr'><strong>au</strong></span> <span class='ocrx_word' id='word_1_261' title='bbox 754 3185 958 3261; x_wconf 89' lang='lat' dir='ltr'><strong>censebimus,</strong></span> <span class='ocrx_word' id='word_1_262' title='bbox 986 3191 1104 3251; x_wconf 88' lang='lat' dir='ltr'><strong>ceteras</strong></span> <span class='ocrx_word' id='word_1_263' title='bbox 1133 3189 1180 3252; x_wconf 90' lang='lat' dir='ltr'><strong>his</strong></span> <span class='ocrx_word' id='word_1_264' title='bbox 1208 3187 1291 3252; x_wconf 88' lang='lat' dir='ltr'><strong>vitiis</strong></span> <span class='ocrx_word' id='word_1_265' title='bbox 1319 3188 1473 3253; x_wconf 81' lang='lat' dir='ltr'><strong>vacavisse</strong></span> <span class='ocrx_word' id='word_1_266' title='bbox 1501 3194 1533 3251; x_wconf 92' lang='lat' dir='ltr'><strong>et</strong></span> <span class='ocrx_word' id='word_1_267' title='bbox 1560 3185 1717 3250; x_wconf 88' lang='lat' dir='ltr'><strong>Catullum</strong></span> <span class='ocrx_word' id='word_1_268' title='bbox 1745 3185 1821 3248; x_wconf 89' lang='lat' dir='ltr'><strong>adeo</strong></span> <span class='ocrx_word' id='word_1_269' title='bbox 1851 3205 1915 3247; x_wconf 94' lang='lat' dir='ltr'><strong>non</strong></span> <span class='ocrx_word' id='word_1_270' title='bbox 1943 3182 2118 3267; x_wconf 84' lang='lat' dir='ltr'><strong>elegantem</strong></span> 
     </span>
     <span class='ocr_line' id='line_1_28' title="bbox 283 3283 2117 3375; baseline -0.001 -26"><span class='ocrx_word' id='word_1_271' title='bbox 283 3285 390 3363; x_wconf 88' lang='lat' dir='ltr'><strong>fuisse,</strong></span> <span class='ocrx_word' id='word_1_272' title='bbox 412 3291 448 3349; x_wconf 89' lang='lat' dir='ltr'><strong>ut</strong></span> <span class='ocrx_word' id='word_1_273' title='bbox 469 3285 568 3350; x_wconf 91' lang='lat' dir='ltr'><strong>amico</strong></span> <span class='ocrx_word' id='word_1_274' title='bbox 589 3285 754 3370; x_wconf 89' lang='lat' dir='ltr'><strong>pessimam</strong></span> <span class='ocrx_word' id='word_1_275' title='bbox 773 3287 894 3351; x_wconf 91' lang='lat' dir='ltr'><strong>muneri</strong></span> <span class='ocrx_word' id='word_1_276' title='bbox 915 3287 1077 3352; x_wconf 76' lang='lat' dir='ltr'><strong>mitteret?</strong></span> <span class='ocrx_word' id='word_1_277' title='bbox 1121 3289 1237 3354; x_wconf 85' lang='lat' dir='ltr'><strong>Contra</strong></span> <span class='ocrx_word' id='word_1_278' title='bbox 1259 3291 1339 3354; x_wconf 91' lang='lat' dir='ltr'><strong>hanc</strong></span> <span class='ocrx_word' id='word_1_279' title='bbox 1361 3289 1539 3375; x_wconf 89' lang='lat' dir='ltr'><strong>opinionem</strong></span> <span class='ocrx_word' id='word_1_280' title='bbox 1562 3287 1669 3351; x_wconf 90' lang='lat' dir='ltr'><strong>dicunt</strong></span> <span class='ocrx_word' id='word_1_281' title='bbox 1690 3287 1777 3372; x_wconf 90' lang='lat' dir='ltr'><strong>ipsae</strong></span> <span class='ocrx_word' id='word_1_282' title='bbox 1800 3284 1864 3350; x_wconf 91' lang='lat' dir='ltr'><strong>eius</strong></span> <span class='ocrx_word' id='word_1_283' title='bbox 1887 3283 2013 3369; x_wconf 81' lang='lat' dir='ltr'><strong>elegiae,</strong></span> <span class='ocrx_word' id='word_1_284' title='bbox 2037 3305 2117 3366; x_wconf 89' lang='lat' dir='ltr'><strong>quae</strong></span> 
     </span>
     <span class='ocr_line' id='line_1_29' title="bbox 286 3387 2118 3476; baseline 0.001 -26"><span class='ocrx_word' id='word_1_285' title='bbox 286 3409 474 3469; x_wconf 71' lang='lat' dir='ltr'><strong>aquamquam</strong></span> <span class='ocrx_word' id='word_1_286' title='bbox 495 3408 558 3452; x_wconf 89' lang='lat' dir='ltr'><strong>non</strong></span> <span class='ocrx_word' id='word_1_287' title='bbox 581 3387 738 3452; x_wconf 86' lang='lat' dir='ltr'><strong>eGraeois</strong></span> <span class='ocrx_word' id='word_1_288' title='bbox 760 3409 921 3473; x_wconf 83' lang='lat' dir='ltr'><strong>expressae</strong></span> <span class='ocrx_word' id='word_1_289' title='bbox 942 3397 1047 3454; x_wconf 86' lang='lat' dir='ltr'><strong>tamen</strong></span> <span class='ocrx_word' id='word_1_290' title='bbox 1069 3390 1168 3475; x_wconf 90' lang='lat' dir='ltr'><strong>magis</strong></span> <span class='ocrx_word' id='word_1_291' title='bbox 1190 3391 1330 3455; x_wconf 90' lang='lat' dir='ltr'><strong>minusve</strong></span> <span class='ocrx_word' id='word_1_292' title='bbox 1352 3391 1399 3454; x_wconf 89' lang='lat' dir='ltr'><strong>his</strong></span> <span class='ocrx_word' id='word_1_293' title='bbox 1420 3391 1494 3476; x_wconf 88' lang='lat' dir='ltr'><strong>ipsis</strong></span> <span class='ocrx_word' id='word_1_294' title='bbox 1516 3389 1599 3454; x_wconf 89' lang='lat' dir='ltr'><strong>vitiis</strong></span> <span class='ocrx_word' id='word_1_295' title='bbox 1621 3389 1802 3470; x_wconf 89' lang='lat' dir='ltr'><strong>inquinatae</strong></span> <span class='ocrx_word' id='word_1_296' title='bbox 1823 3393 1912 3466; x_wconf 57' lang='lat' dir='ltr'><strong>sunt„</strong></span> <span class='ocrx_word' id='word_1_297' title='bbox 1944 3388 2028 3450; x_wconf 86' lang='lat' dir='ltr'><strong>Ante</strong></span> <span class='ocrx_word' id='word_1_298' title='bbox 2050 3409 2118 3451; x_wconf 91' lang='lat' dir='ltr'><strong>om-</strong></span> 
     </span>
     <span class='ocr_line' id='line_1_30' title="bbox 285 3488 2118 3576; baseline 0.001 -26"><span class='ocrx_word' id='word_1_299' title='bbox 285 3511 338 3552; x_wconf 90' lang='lat' dir='ltr'><strong>nes</strong></span> <span class='ocrx_word' id='word_1_300' title='bbox 360 3488 422 3552; x_wconf 89' lang='lat' dir='ltr'><strong>huo</strong></span> <span class='ocrx_word' id='word_1_301' title='bbox 442 3489 579 3572; x_wconf 84' lang='lat' dir='ltr'><strong>pertinet</strong></span> <span class='ocrx_word' id='word_1_302' title='bbox 601 3511 726 3554; x_wconf 87' lang='lat' dir='ltr'><strong>carmen</strong></span> <span class='ocrx_word' id='word_1_303' title='bbox 747 3490 823 3553; x_wconf 93' lang='lat' dir='ltr'><strong>illud</strong></span> <span class='ocrx_word' id='word_1_304' title='bbox 846 3492 884 3554; x_wconf 91' lang='lat' dir='ltr'><strong>ad</strong></span> <span class='ocrx_word' id='word_1_305' title='bbox 913 3490 1053 3556; x_wconf 90' lang='lat' dir='ltr'><strong>Manium</strong></span> <span class='ocrx_word' id='word_1_306' title='bbox 1075 3492 1193 3556; x_wconf 83' lang='lat' dir='ltr'><strong>Allium</strong></span> <span class='ocrx_word' id='word_1_307' title='bbox 1208 3492 1230 3576; x_wconf 78' lang='grc'><strong>1)</strong></span> <span class='ocrx_word' id='word_1_308' title='bbox 1252 3491 1403 3576; x_wconf 85' lang='lat' dir='ltr'><strong>scriptum</strong></span> <span class='ocrx_word' id='word_1_309' title='bbox 1426 3489 1596 3573; x_wconf 87' lang='lat' dir='ltr'><strong>(LXVIII),</strong></span> <span class='ocrx_word' id='word_1_310' title='bbox 1619 3491 1703 3572; x_wconf 89' lang='lat' dir='ltr'><strong>quod</strong></span> <span class='ocrx_word' id='word_1_311' title='bbox 1724 3513 1796 3554; x_wconf 93' lang='lat' dir='ltr'><strong>cum</strong></span> <span class='ocrx_word' id='word_1_312' title='bbox 1817 3488 1955 3554; x_wconf 89' lang='lat' dir='ltr'><strong>omnium</strong></span> <span class='ocrx_word' id='word_1_313' title='bbox 1976 3488 2118 3572; x_wconf 84' lang='lat' dir='ltr'><strong>proxime</strong></span> 
     </span>
     <span class='ocr_line' id='line_1_31' title="bbox 286 3589 2119 3680; baseline 0.001 -28"><span class='ocrx_word' id='word_1_314' title='bbox 286 3589 367 3652; x_wconf 91' lang='lat' dir='ltr'><strong>absit</strong></span> <span class='ocrx_word' id='word_1_315' title='bbox 389 3590 428 3652; x_wconf 90' lang='lat' dir='ltr'><strong>ab</strong></span> <span class='ocrx_word' id='word_1_316' title='bbox 451 3591 615 3667; x_wconf 84' lang='lat' dir='ltr'><strong>arnatoria,</strong></span> <span class='ocrx_word' id='word_1_317' title='bbox 638 3593 761 3674; x_wconf 87' lang='lat' dir='ltr'><strong>qualem</strong></span> <span class='ocrx_word' id='word_1_318' title='bbox 783 3592 969 3678; x_wconf 86' lang='lat' dir='ltr'><strong>posteriores</strong></span> <span class='ocrx_word' id='word_1_319' title='bbox 993 3595 1194 3658; x_wconf 84' lang='lat' dir='ltr'><strong>excoluerunt</strong></span> <span class='ocrx_word' id='word_1_320' title='bbox 1214 3593 1314 3680; x_wconf 88' lang='lat' dir='ltr'><strong>poesi,</strong></span> <span class='ocrx_word' id='word_1_321' title='bbox 1336 3593 1462 3679; x_wconf 86' lang='lat' dir='ltr'><strong>proprie</strong></span> <span class='ocrx_word' id='word_1_322' title='bbox 1484 3591 1698 3676; x_wconf 87' lang='lat' dir='ltr'><strong>antiquissima</strong></span> <span class='ocrx_word' id='word_1_323' title='bbox 1720 3591 1820 3676; x_wconf 87' lang='lat' dir='ltr'><strong>elegia</strong></span> <span class='ocrx_word' id='word_1_324' title='bbox 1841 3591 1982 3655; x_wconf 83' lang='lat' dir='ltr'><strong>Romana</strong></span> <span class='ocrx_word' id='word_1_325' title='bbox 2012 3590 2119 3675; x_wconf 90' lang='lat' dir='ltr'><strong>appel-</strong></span> 
     </span>
     <span class='ocr_line' id='line_1_32' title="bbox 285 3690 2119 3782; baseline 0.001 -28"><span class='ocrx_word' id='word_1_326' title='bbox 285 3691 414 3754; x_wconf 89' lang='lat' dir='ltr'><strong>landum</strong></span> <span class='ocrx_word' id='word_1_327' title='bbox 436 3697 468 3753; x_wconf 88' lang='lat' dir='ltr'><strong>et</strong></span> <span class='ocrx_word' id='word_1_328' title='bbox 489 3690 537 3753; x_wconf 90' lang='lat' dir='ltr'><strong>vel</strong></span> <span class='ocrx_word' id='word_1_329' title='bbox 560 3693 600 3754; x_wconf 92' lang='lat' dir='ltr'><strong>ob</strong></span> <span class='ocrx_word' id='word_1_330' title='bbox 622 3693 701 3757; x_wconf 91' lang='lat' dir='ltr'><strong>hanc</strong></span> <span class='ocrx_word' id='word_1_331' title='bbox 724 3716 846 3758; x_wconf 88' lang='lat' dir='ltr'><strong>causam</strong></span> <span class='ocrx_word' id='word_1_332' title='bbox 875 3695 1004 3780; x_wconf 91' lang='lat' dir='ltr'><strong>dignum</strong></span> <span class='ocrx_word' id='word_1_333' title='bbox 1027 3701 1087 3770; x_wconf 90' lang='lat' dir='ltr'><strong>est,</strong></span> <span class='ocrx_word' id='word_1_334' title='bbox 1116 3697 1200 3778; x_wconf 90' lang='lat' dir='ltr'><strong>quod</strong></span> <span class='ocrx_word' id='word_1_335' title='bbox 1228 3694 1401 3782; x_wconf 85' lang='lat' dir='ltr'><strong>accuratius</strong></span> <span class='ocrx_word' id='word_1_336' title='bbox 1428 3715 1658 3780; x_wconf 81' lang='lat' dir='ltr'><strong>cognoscamus.</strong></span> <span class='ocrx_word' id='word_1_337' title='bbox 1703 3691 1750 3758; x_wconf 91' lang='lat' dir='ltr'><strong>De</strong></span> <span class='ocrx_word' id='word_1_338' title='bbox 1778 3692 1863 3756; x_wconf 90' lang='lat' dir='ltr'><strong>uullo</strong></span> <span class='ocrx_word' id='word_1_339' title='bbox 1889 3693 1954 3756; x_wconf 84' lang='lat' dir='ltr'><strong>lere</strong></span> <span class='ocrx_word' id='word_1_340' title='bbox 1983 3691 2119 3757; x_wconf 85' lang='lat' dir='ltr'><strong>carmine</strong></span> 
     </span>
     <span class='ocr_line' id='line_1_33' title="bbox 286 3790 2119 3882; baseline 0.002 -28"><span class='ocrx_word' id='word_1_341' title='bbox 286 3791 347 3855; x_wconf 84' lang='lat' dir='ltr'><strong>viri</strong></span> <span class='ocrx_word' id='word_1_342' title='bbox 378 3791 462 3854; x_wconf 89' lang='lat' dir='ltr'><strong>docti</strong></span> <span class='ocrx_word' id='word_1_343' title='bbox 483 3792 560 3854; x_wconf 89' lang='lat' dir='ltr'><strong>adeo</strong></span> <span class='ocrx_word' id='word_1_344' title='bbox 582 3790 664 3855; x_wconf 91' lang='lat' dir='ltr'><strong>inter</strong></span> <span class='ocrx_word' id='word_1_345' title='bbox 684 3817 717 3856; x_wconf 86' lang='lat' dir='ltr'><strong>se</strong></span> <span class='ocrx_word' id='word_1_346' title='bbox 744 3795 930 3860; x_wconf 89' lang='lat' dir='ltr'><strong>dissentiunt</strong></span> <span class='ocrx_word' id='word_1_347' title='bbox 953 3811 1046 3878; x_wconf 63' lang='lat' dir='ltr'><strong>aluam</strong></span> <span class='ocrx_word' id='word_1_348' title='bbox 1068 3797 1106 3860; x_wconf 93' lang='lat' dir='ltr'><strong>de</strong></span> <span class='ocrx_word' id='word_1_349' title='bbox 1127 3797 1191 3862; x_wconf 93' lang='lat' dir='ltr'><strong>illo.</strong></span> <span class='ocrx_word' id='word_1_350' title='bbox 1235 3798 1341 3880; x_wconf 86' lang='lat' dir='ltr'><strong>Atque</strong></span> <span class='ocrx_word' id='word_1_351' title='bbox 1367 3796 1493 3882; x_wconf 91' lang='lat' dir='ltr'><strong>plurimi</strong></span> <span class='ocrx_word' id='word_1_352' title='bbox 1523 3795 1649 3877; x_wconf 89' lang='lat' dir='ltr'><strong>quidem</strong></span> <span class='ocrx_word' id='word_1_353' title='bbox 1675 3793 1855 3860; x_wconf 81' lang='lat' dir='ltr'><strong>recentioris</strong></span> <span class='ocrx_word' id='word_1_354' title='bbox 1884 3792 1995 3856; x_wconf 83' lang='lat' dir='ltr'><strong>aetatis</strong></span> <span class='ocrx_word' id='word_1_355' title='bbox 2023 3793 2119 3857; x_wconf 90' lang='lat' dir='ltr'><strong>inter-</strong></span> 
     </span>
     <span class='ocr_line' id='line_1_34' title="bbox 286 3893 2117 3980; baseline 0.001 -24"><span class='ocrx_word' id='word_1_356' title='bbox 286 3900 389 3977; x_wconf 86' lang='lat' dir='ltr'><strong>pretes</strong></span> <span class='ocrx_word' id='word_1_357' title='bbox 413 3898 555 3968; x_wconf 89' lang='lat' dir='ltr'><strong>censent,</strong></span> <span class='ocrx_word' id='word_1_358' title='bbox 577 3893 658 3956; x_wconf 91' lang='lat' dir='ltr'><strong>hanc</strong></span> <span class='ocrx_word' id='word_1_359' title='bbox 680 3895 811 3979; x_wconf 84' lang='lat' dir='ltr'><strong>elegiam</strong></span> <span class='ocrx_word' id='word_1_360' title='bbox 838 3898 871 3961; x_wconf 92' lang='lat' dir='ltr'><strong>in</strong></span> <span class='ocrx_word' id='word_1_361' title='bbox 894 3899 969 3963; x_wconf 73' lang='lat' dir='ltr'><strong>duras</strong></span> <span class='ocrx_word' id='word_1_362' title='bbox 992 3920 1056 3962; x_wconf 87' lang='lat' dir='ltr'><strong>esse</strong></span> <span class='ocrx_word' id='word_1_363' title='bbox 1086 3898 1305 3976; x_wconf 88' lang='lat' dir='ltr'><strong>divellendam,</strong></span> <span class='ocrx_word' id='word_1_364' title='bbox 1333 3919 1465 3980; x_wconf 88' lang='lat' dir='ltr'><strong>quarum</strong></span> <span class='ocrx_word' id='word_1_365' title='bbox 1494 3898 1593 3962; x_wconf 89' lang='lat' dir='ltr'><strong>altera</strong></span> <span class='ocrx_word' id='word_1_366' title='bbox 1618 3896 1734 3980; x_wconf 90' lang='lat' dir='ltr'><strong>primos</strong></span> <span class='ocrx_word' id='word_1_367' title='bbox 1767 3893 1977 3979; x_wconf 89' lang='lat' dir='ltr'><strong>quadraginta</strong></span> <span class='ocrx_word' id='word_1_368' title='bbox 2012 3916 2117 3958; x_wconf 89' lang='lat' dir='ltr'><strong>versus</strong></span> 
     </span>
     <span class='ocr_line' id='line_1_35' title="bbox 286 3994 2119 4085; baseline -0.001 -27"><span class='ocrx_word' id='word_1_369' title='bbox 286 3997 384 4060; x_wconf 85' lang='lat' dir='ltr'><strong>altera</strong></span> <span class='ocrx_word' id='word_1_370' title='bbox 406 3995 542 4078; x_wconf 87' lang='lat' dir='ltr'><strong>reliquos</strong></span> <span class='ocrx_word' id='word_1_371' title='bbox 565 3994 732 4060; x_wconf 90' lang='lat' dir='ltr'><strong>contineat.</strong></span> <span class='ocrx_word' id='word_1_372' title='bbox 777 3998 915 4063; x_wconf 80' lang='lat' dir='ltr'><strong>Adducti</strong></span> <span class='ocrx_word' id='word_1_373' title='bbox 935 4007 1040 4064; x_wconf 88' lang='lat' dir='ltr'><strong>autem</strong></span> <span class='ocrx_word' id='word_1_374' title='bbox 1061 4007 1136 4064; x_wconf 88' lang='lat' dir='ltr'><strong>sunt</strong></span> <span class='ocrx_word' id='word_1_375' title='bbox 1157 4001 1195 4064; x_wconf 91' lang='lat' dir='ltr'><strong>ad</strong></span> <span class='ocrx_word' id='word_1_376' title='bbox 1216 4001 1297 4064; x_wconf 91' lang='lat' dir='ltr'><strong>hanc</strong></span> <span class='ocrx_word' id='word_1_377' title='bbox 1319 3999 1497 4085; x_wconf 89' lang='lat' dir='ltr'><strong>opinionem</strong></span> <span class='ocrx_word' id='word_1_378' title='bbox 1520 4008 1552 4063; x_wconf 90' lang='lat' dir='ltr'><strong>et</strong></span> <span class='ocrx_word' id='word_1_379' title='bbox 1574 3998 1658 4081; x_wconf 90' lang='lat' dir='ltr'><strong>quod</strong></span> <span class='ocrx_word' id='word_1_380' title='bbox 1680 4005 1774 4081; x_wconf 89' lang='lat' dir='ltr'><strong>poeta</strong></span> <span class='ocrx_word' id='word_1_381' title='bbox 1795 3997 1827 4061; x_wconf 93' lang='lat' dir='ltr'><strong>in</strong></span> <span class='ocrx_word' id='word_1_382' title='bbox 1857 4019 1919 4061; x_wconf 89' lang='lat' dir='ltr'><strong>uno</strong></span> <span class='ocrx_word' id='word_1_383' title='bbox 1948 3996 2119 4076; x_wconf 89' lang='lat' dir='ltr'><strong>eodemque</strong></span> 
     </span>
     <span class='ocr_line' id='line_1_36' title="bbox 287 4097 2212 4184; baseline 0.001 -27"><span class='ocrx_word' id='word_1_384' title='bbox 287 4097 421 4160; x_wconf 87' lang='lat' dir='ltr'><strong>carmine</strong></span> <span class='ocrx_word' id='word_1_385' title='bbox 443 4097 573 4162; x_wconf 83' lang='lat' dir='ltr'><strong>fratrem</strong></span> <span class='ocrx_word' id='word_1_386' title='bbox 595 4103 753 4160; x_wconf 89' lang='lat' dir='ltr'><strong>mortuum</strong></span> <span class='ocrx_word' id='word_1_387' title='bbox 777 4099 824 4161; x_wconf 91' lang='lat' dir='ltr'><strong>bis</strong></span> <span class='ocrx_word' id='word_1_388' title='bbox 845 4099 910 4164; x_wconf 85' lang='lat' dir='ltr'><strong>fere</strong></span> <span class='ocrx_word' id='word_1_389' title='bbox 932 4099 1040 4164; x_wconf 87' lang='lat' dir='ltr'><strong>iisdem</strong></span> <span class='ocrx_word' id='word_1_390' title='bbox 1064 4101 1164 4164; x_wconf 89' lang='lat' dir='ltr'><strong>verbis</strong></span> <span class='ocrx_word' id='word_1_391' title='bbox 1187 4103 1340 4166; x_wconf 90' lang='lat' dir='ltr'><strong>allocutus</strong></span> <span class='ocrx_word' id='word_1_392' title='bbox 1363 4109 1410 4166; x_wconf 90' lang='lat' dir='ltr'><strong>est</strong></span> <span class='ocrx_word' id='word_1_393' title='bbox 1432 4109 1463 4166; x_wconf 88' lang='lat' dir='ltr'><strong>et</strong></span> <span class='ocrx_word' id='word_1_394' title='bbox 1487 4101 1570 4184; x_wconf 91' lang='lat' dir='ltr'><strong>quod</strong></span> <span class='ocrx_word' id='word_1_395' title='bbox 1597 4107 1700 4165; x_wconf 86' lang='lat' dir='ltr'><strong>totum</strong></span> <span class='ocrx_word' id='word_1_396' title='bbox 1731 4099 1875 4163; x_wconf 89' lang='lat' dir='ltr'><strong>carminis</strong></span> <span class='ocrx_word' id='word_1_397' title='bbox 1898 4101 2119 4183; x_wconf 89' lang='lat' dir='ltr'><strong>argumentum</strong></span> <span class='ocrx_word' id='word_1_398' title='bbox 2204 4159 2212 4178; x_wconf 64' lang='grc'>,</span> 
     </span>
     <span class='ocr_line' id='line_1_37' title="bbox 287 4195 2119 4287; baseline 0.001 -29"><span class='ocrx_word' id='word_1_399' title='bbox 287 4195 410 4260; x_wconf 87' lang='lat' dir='ltr'><strong>videtur</strong></span> <span class='ocrx_word' id='word_1_400' title='bbox 431 4221 535 4263; x_wconf 90' lang='lat' dir='ltr'><strong>secum</strong></span> <span class='ocrx_word' id='word_1_401' title='bbox 558 4222 708 4285; x_wconf 86' lang='lat' dir='ltr'><strong>pugnare.</strong></span> <span class='ocrx_word' id='word_1_402' title='bbox 741 4200 864 4264; x_wconf 80' lang='lat' dir='ltr'><strong>Etenim</strong></span> <span class='ocrx_word' id='word_1_403' title='bbox 887 4223 957 4264; x_wconf 91' lang='lat' dir='ltr'><strong>cum</strong></span> <span class='ocrx_word' id='word_1_404' title='bbox 973 4201 1113 4266; x_wconf 82' lang='lat' dir='ltr'><strong>Catullus</strong></span> <span class='ocrx_word' id='word_1_405' title='bbox 1134 4202 1166 4266; x_wconf 91' lang='lat' dir='ltr'><strong>iu</strong></span> <span class='ocrx_word' id='word_1_406' title='bbox 1188 4203 1298 4286; x_wconf 90' lang='lat' dir='ltr'><strong>prima,</strong></span> <span class='ocrx_word' id='word_1_407' title='bbox 1320 4226 1413 4287; x_wconf 87' lang='lat' dir='ltr'><strong>quam</strong></span> <span class='ocrx_word' id='word_1_408' title='bbox 1435 4203 1482 4266; x_wconf 89' lang='lat' dir='ltr'><strong>illi</strong></span> <span class='ocrx_word' id='word_1_409' title='bbox 1502 4203 1680 4287; x_wconf 89' lang='lat' dir='ltr'><strong>seiungunt,</strong></span> <span class='ocrx_word' id='word_1_410' title='bbox 1694 4208 1785 4286; x_wconf 87' lang='lat' dir='ltr'><strong>parte</strong></span> <span class='ocrx_word' id='word_1_411' title='bbox 1808 4201 1853 4268; x_wconf 87' lang='lat' dir='ltr'><strong>ait</strong></span> <span class='ocrx_word' id='word_1_412' title='bbox 1867 4199 2013 4274; x_wconf 85' lang='lat' dir='ltr'><strong>carmina,</strong></span> <span class='ocrx_word' id='word_1_413' title='bbox 2039 4219 2119 4279; x_wconf 73' lang='lat' dir='ltr'><strong>(quae</strong></span> 
     </span>
     <span class='ocr_line' id='line_1_38' title="bbox 289 4295 2117 4388; baseline 0.002 -30"><span class='ocrx_word' id='word_1_414' title='bbox 289 4295 410 4361; x_wconf 80' lang='lat' dir='ltr'><strong>Manius</strong></span> <span class='ocrx_word' id='word_1_415' title='bbox 433 4300 532 4364; x_wconf 87' lang='lat' dir='ltr'><strong>Allius</strong></span> <span class='ocrx_word' id='word_1_416' title='bbox 555 4303 593 4366; x_wconf 88' lang='lat' dir='ltr'><strong>ad</strong></span> <span class='ocrx_word' id='word_1_417' title='bbox 615 4302 753 4368; x_wconf 74' lang='lat' dir='ltr'><strong>anianum</strong></span> <span class='ocrx_word' id='word_1_418' title='bbox 775 4303 977 4366; x_wconf 90' lang='lat' dir='ltr'><strong>recreandum</strong></span> <span class='ocrx_word' id='word_1_419' title='bbox 998 4303 1148 4387; x_wconf 88' lang='lat' dir='ltr'><strong>petierat,</strong></span> <span class='ocrx_word' id='word_1_420' title='bbox 1177 4326 1210 4367; x_wconf 91' lang='lat' dir='ltr'><strong>se</strong></span> <span class='ocrx_word' id='word_1_421' title='bbox 1232 4304 1357 4368; x_wconf 89' lang='lat' dir='ltr'><strong>mittere</strong></span> <span class='ocrx_word' id='word_1_422' title='bbox 1377 4327 1438 4369; x_wconf 92' lang='lat' dir='ltr'><strong>non</strong></span> <span class='ocrx_word' id='word_1_423' title='bbox 1462 4327 1564 4388; x_wconf 90' lang='lat' dir='ltr'><strong>posse,</strong></span> <span class='ocrx_word' id='word_1_424' title='bbox 1593 4303 1666 4386; x_wconf 91' lang='lat' dir='ltr'><strong>quia</strong></span> <span class='ocrx_word' id='word_1_425' title='bbox 1687 4303 1753 4388; x_wconf 90' lang='lat' dir='ltr'><strong>ipsc</strong></span> <span class='ocrx_word' id='word_1_426' title='bbox 1783 4308 1883 4366; x_wconf 87' lang='lat' dir='ltr'><strong>morte</strong></span> <span class='ocrx_word' id='word_1_427' title='bbox 1911 4299 2017 4364; x_wconf 86' lang='lat' dir='ltr'><strong>fratris</strong></span> <span class='ocrx_word' id='word_1_428' title='bbox 2041 4298 2117 4362; x_wconf 91' lang='lat' dir='ltr'><strong>adeo</strong></span> 
     </span>
     <span class='ocr_line' id='line_1_39' title="bbox 288 4398 2119 4490; baseline 0 -28"><span class='ocrx_word' id='word_1_429' title='bbox 288 4398 424 4463; x_wconf 87' lang='lat' dir='ltr'><strong>afflictus</strong></span> <span class='ocrx_word' id='word_1_430' title='bbox 446 4413 537 4478; x_wconf 88' lang='lat' dir='ltr'><strong>esset,</strong></span> <span class='ocrx_word' id='word_1_431' title='bbox 559 4411 596 4467; x_wconf 91' lang='lat' dir='ltr'><strong>ut</strong></span> <span class='ocrx_word' id='word_1_432' title='bbox 618 4426 698 4469; x_wconf 91' lang='lat' dir='ltr'><strong>nova</strong></span> <span class='ocrx_word' id='word_1_433' title='bbox 716 4426 902 4490; x_wconf 86' lang='lat' dir='ltr'><strong>componere</strong></span> <span class='ocrx_word' id='word_1_434' title='bbox 924 4404 1081 4487; x_wconf 78' lang='lat' dir='ltr'><strong>nequIret,</strong></span> <span class='ocrx_word' id='word_1_435' title='bbox 1110 4413 1216 4470; x_wconf 91' lang='lat' dir='ltr'><strong>vetera</strong></span> <span class='ocrx_word' id='word_1_436' title='bbox 1242 4412 1346 4470; x_wconf 89' lang='lat' dir='ltr'><strong>autem</strong></span> <span class='ocrx_word' id='word_1_437' title='bbox 1375 4405 1546 4484; x_wconf 89' lang='lat' dir='ltr'><strong>Veronam,</strong></span> <span class='ocrx_word' id='word_1_438' title='bbox 1578 4406 1659 4470; x_wconf 91' lang='lat' dir='ltr'><strong>unde</strong></span> <span class='ocrx_word' id='word_1_439' title='bbox 1682 4405 1721 4469; x_wconf 90' lang='lat' dir='ltr'><strong>ad</strong></span> <span class='ocrx_word' id='word_1_440' title='bbox 1743 4403 1876 4468; x_wconf 91' lang='lat' dir='ltr'><strong>amicum</strong></span> <span class='ocrx_word' id='word_1_441' title='bbox 1903 4400 2028 4478; x_wconf 83' lang='lat' dir='ltr'><strong>scribit,</strong></span> <span class='ocrx_word' id='word_1_442' title='bbox 2056 4421 2119 4463; x_wconf 92' lang='lat' dir='ltr'><strong>non</strong></span> 
     </span>
     <span class='ocr_line' id='line_1_40' title="bbox 287 4505 2120 4593; baseline 0.001 -30"><span class='ocrx_word' id='word_1_443' title='bbox 287 4521 391 4564; x_wconf 89' lang='lat' dir='ltr'><strong>secum</strong></span> <span class='ocrx_word' id='word_1_444' title='bbox 414 4508 579 4584; x_wconf 88' lang='lat' dir='ltr'><strong>portasset,</strong></span> <span class='ocrx_word' id='word_1_445' title='bbox 600 4505 633 4569; x_wconf 92' lang='lat' dir='ltr'><strong>in</strong></span> <span class='ocrx_word' id='word_1_446' title='bbox 655 4506 754 4570; x_wconf 87' lang='lat' dir='ltr'><strong>altera</strong></span> <span class='ocrx_word' id='word_1_447' title='bbox 776 4507 918 4589; x_wconf 90' lang='lat' dir='ltr'><strong>sequitur</strong></span> <span class='ocrx_word' id='word_1_448' title='bbox 940 4529 1073 4583; x_wconf 87' lang='lat' dir='ltr'><strong>carmen,</strong></span> <span class='ocrx_word' id='word_1_449' title='bbox 1096 4507 1180 4589; x_wconf 88' lang='lat' dir='ltr'><strong>quod</strong></span> <span class='ocrx_word' id='word_1_450' title='bbox 1202 4508 1294 4571; x_wconf 92' lang='lat' dir='ltr'><strong>modo</strong></span> <span class='ocrx_word' id='word_1_451' title='bbox 1316 4513 1410 4590; x_wconf 91' lang='lat' dir='ltr'><strong>pocta</strong></span> <span class='ocrx_word' id='word_1_452' title='bbox 1432 4507 1650 4593; x_wconf 88' lang='lat' dir='ltr'><strong>denegaverat.</strong></span> <span class='ocrx_word' id='word_1_453' title='bbox 1694 4505 1848 4588; x_wconf 80' lang='lat' dir='ltr'><strong>Equidem</strong></span> <span class='ocrx_word' id='word_1_454' title='bbox 1868 4509 1946 4586; x_wconf 91' lang='lat' dir='ltr'><strong>puto</strong></span> <span class='ocrx_word' id='word_1_455' title='bbox 1975 4507 2120 4566; x_wconf 89' lang='lat' dir='ltr'><strong>neutram</strong></span> 
     </span>
     <span class='ocr_line' id='line_1_41' title="bbox 290 4603 2122 4688; baseline 0.002 -24"><span class='ocrx_word' id='word_1_456' title='bbox 290 4625 409 4680; x_wconf 89' lang='lat' dir='ltr'><strong>aarum,</strong></span> <span class='ocrx_word' id='word_1_457' title='bbox 434 4625 510 4685; x_wconf 80' lang='lat' dir='ltr'><strong>quam</strong></span> <span class='ocrx_word' id='word_1_458' title='bbox 532 4604 577 4667; x_wconf 92' lang='lat' dir='ltr'><strong>illi</strong></span> <span class='ocrx_word' id='word_1_459' title='bbox 600 4607 753 4684; x_wconf 89' lang='lat' dir='ltr'><strong>obiciunt,</strong></span> <span class='ocrx_word' id='word_1_460' title='bbox 775 4631 899 4673; x_wconf 88' lang='lat' dir='ltr'><strong>causam</strong></span> <span class='ocrx_word' id='word_1_461' title='bbox 921 4610 1016 4673; x_wconf 91' lang='lat' dir='ltr'><strong>talem</strong></span> <span class='ocrx_word' id='word_1_462' title='bbox 1039 4631 1118 4686; x_wconf 87' lang='lat' dir='ltr'><strong>esse,</strong></span> <span class='ocrx_word' id='word_1_463' title='bbox 1139 4617 1176 4674; x_wconf 89' lang='lat' dir='ltr'><strong>ut</strong></span> <span class='ocrx_word' id='word_1_464' title='bbox 1198 4632 1234 4674; x_wconf 88' lang='lat' dir='ltr'><strong>ea</strong></span> <span class='ocrx_word' id='word_1_465' title='bbox 1255 4609 1465 4688; x_wconf 85' lang='lat' dir='ltr'><strong>qffendamur,</strong></span> <span class='ocrx_word' id='word_1_466' title='bbox 1498 4611 1612 4674; x_wconf 89' lang='lat' dir='ltr'><strong>nedum</strong></span> <span class='ocrx_word' id='word_1_467' title='bbox 1634 4616 1757 4673; x_wconf 87' lang='lat' dir='ltr'><strong>tantam</strong></span> <span class='ocrx_word' id='word_1_468' title='bbox 1783 4603 1940 4668; x_wconf 87' lang='lat' dir='ltr'><strong>licentiam</strong></span> <span class='ocrx_word' id='word_1_469' title='bbox 1970 4603 2042 4668; x_wconf 92' lang='lat' dir='ltr'><strong>inde</strong></span> <span class='ocrx_word' id='word_1_470' title='bbox 2064 4623 2122 4668; x_wconf 91' lang='lat' dir='ltr'><strong>no·</strong></span> 
     </span>
     <span class='ocr_line' id='line_1_42' title="bbox 288 4702 2120 4794; baseline 0 -28"><span class='ocrx_word' id='word_1_471' title='bbox 288 4704 335 4766; x_wconf 91' lang='lat' dir='ltr'><strong>bis</strong></span> <span class='ocrx_word' id='word_1_472' title='bbox 357 4726 531 4782; x_wconf 89' lang='lat' dir='ltr'><strong>sumamus,</strong></span> <span class='ocrx_word' id='word_1_473' title='bbox 562 4713 598 4770; x_wconf 92' lang='lat' dir='ltr'><strong>ut</strong></span> <span class='ocrx_word' id='word_1_474' title='bbox 620 4709 749 4792; x_wconf 89' lang='lat' dir='ltr'><strong>elegiam</strong></span> <span class='ocrx_word' id='word_1_475' title='bbox 772 4709 804 4773; x_wconf 93' lang='lat' dir='ltr'><strong>in</strong></span> <span class='ocrx_word' id='word_1_476' title='bbox 827 4711 902 4773; x_wconf 90' lang='lat' dir='ltr'><strong>duas</strong></span> <span class='ocrx_word' id='word_1_477' title='bbox 926 4711 1116 4776; x_wconf 88' lang='lat' dir='ltr'><strong>divellamus.</strong></span> <span class='ocrx_word' id='word_1_478' title='bbox 1168 4709 1211 4774; x_wconf 92' lang='lat' dir='ltr'><strong>Ut</strong></span> <span class='ocrx_word' id='word_1_479' title='bbox 1239 4710 1388 4794; x_wconf 89' lang='lat' dir='ltr'><strong>primam,</strong></span> <span class='ocrx_word' id='word_1_480' title='bbox 1421 4712 1461 4775; x_wconf 92' lang='lat' dir='ltr'><strong>ad</strong></span> <span class='ocrx_word' id='word_1_481' title='bbox 1490 4733 1584 4793; x_wconf 89' lang='lat' dir='ltr'><strong>quam</strong></span> <span class='ocrx_word' id='word_1_482' title='bbox 1611 4710 1693 4773; x_wconf 87' lang='lat' dir='ltr'><strong>infra</strong></span> <span class='ocrx_word' id='word_1_483' title='bbox 1719 4705 1911 4772; x_wconf 90' lang='lat' dir='ltr'><strong>redeundum</strong></span> <span class='ocrx_word' id='word_1_484' title='bbox 1942 4703 2019 4768; x_wconf 90' lang='lat' dir='ltr'><strong>mihi</strong></span> <span class='ocrx_word' id='word_1_485' title='bbox 2051 4702 2120 4780; x_wconf 86' lang='lat' dir='ltr'><strong>erit,</strong></span> 
     </span>
     <span class='ocr_line' id='line_1_43' title="bbox 288 4803 2116 4898; baseline 0 -30"><span class='ocrx_word' id='word_1_486' title='bbox 288 4803 338 4869; x_wconf 90' lang='lat' dir='ltr'><strong>hic</strong></span> <span class='ocrx_word' id='word_1_487' title='bbox 361 4806 522 4884; x_wconf 89' lang='lat' dir='ltr'><strong>omittam,</strong></span> <span class='ocrx_word' id='word_1_488' title='bbox 543 4805 576 4870; x_wconf 90' lang='lat' dir='ltr'><strong>in</strong></span> <span class='ocrx_word' id='word_1_489' title='bbox 598 4807 699 4873; x_wconf 85' lang='lat' dir='ltr'><strong>altera</strong></span> <span class='ocrx_word' id='word_1_490' title='bbox 720 4831 783 4874; x_wconf 89' lang='lat' dir='ltr'><strong>non</strong></span> <span class='ocrx_word' id='word_1_491' title='bbox 803 4813 894 4876; x_wconf 87' lang='lat' dir='ltr'><strong>modo</strong></span> <span class='ocrx_word' id='word_1_492' title='bbox 917 4811 995 4875; x_wconf 92' lang='lat' dir='ltr'><strong>nihil</strong></span> <span class='ocrx_word' id='word_1_493' title='bbox 1017 4812 1194 4876; x_wconf 84' lang='lat' dir='ltr'><strong>offensionis</strong></span> <span class='ocrx_word' id='word_1_494' title='bbox 1220 4813 1274 4876; x_wconf 90' lang='lat' dir='ltr'><strong>sed</strong></span> <span class='ocrx_word' id='word_1_495' title='bbox 1296 4834 1410 4897; x_wconf 88' lang='lat' dir='ltr'><strong>magna</strong></span> <span class='ocrx_word' id='word_1_496' title='bbox 1432 4813 1588 4898; x_wconf 89' lang='lat' dir='ltr'><strong>elegantia</strong></span> <span class='ocrx_word' id='word_1_497' title='bbox 1609 4809 1734 4896; x_wconf 87' lang='lat' dir='ltr'><strong>poetica</strong></span> <span class='ocrx_word' id='word_1_498' title='bbox 1761 4805 1837 4869; x_wconf 93' lang='lat' dir='ltr'><strong>mihi</strong></span> <span class='ocrx_word' id='word_1_499' title='bbox 1861 4806 1984 4870; x_wconf 88' lang='lat' dir='ltr'><strong>videtur</strong></span> <span class='ocrx_word' id='word_1_500' title='bbox 2007 4805 2116 4870; x_wconf 88' lang='lat' dir='ltr'><strong>inesse.</strong></span> 
     </span>
     <span class='ocr_line' id='line_1_44' title="bbox 288 4906 2118 4998; baseline -0.001 -28"><span class='ocrx_word' id='word_1_501' title='bbox 288 4906 378 4982; x_wconf 84' lang='lat' dir='ltr'><strong>Quod</strong></span> <span class='ocrx_word' id='word_1_502' title='bbox 401 4908 482 4972; x_wconf 88' lang='lat' dir='ltr'><strong>enim</strong></span> <span class='ocrx_word' id='word_1_503' title='bbox 506 4916 600 4992; x_wconf 89' lang='lat' dir='ltr'><strong>poeta</strong></span> <span class='ocrx_word' id='word_1_504' title='bbox 621 4932 727 4994; x_wconf 89' lang='lat' dir='ltr'><strong>preces</strong></span> <span class='ocrx_word' id='word_1_505' title='bbox 749 4912 840 4976; x_wconf 89' lang='lat' dir='ltr'><strong>amici</strong></span> <span class='ocrx_word' id='word_1_506' title='bbox 862 4913 998 4996; x_wconf 87' lang='lat' dir='ltr'><strong>primum</strong></span> <span class='ocrx_word' id='word_1_507' title='bbox 1020 4913 1198 4998; x_wconf 88' lang='lat' dir='ltr'><strong>repudiavit</strong></span> <span class='ocrx_word' id='word_1_508' title='bbox 1218 4913 1398 4980; x_wconf 88' lang='lat' dir='ltr'><strong>simulatum</strong></span> <span class='ocrx_word' id='word_1_509' title='bbox 1421 4920 1481 4994; x_wconf 87' lang='lat' dir='ltr'><strong>est,</strong></span> <span class='ocrx_word' id='word_1_510' title='bbox 1504 4915 1588 4997; x_wconf 90' lang='lat' dir='ltr'><strong>quod</strong></span> <span class='ocrx_word' id='word_1_511' title='bbox 1610 4933 1682 4975; x_wconf 89' lang='lat' dir='ltr'><strong>vcro</strong></span> <span class='ocrx_word' id='word_1_512' title='bbox 1706 4917 1773 4974; x_wconf 87' lang='lat' dir='ltr'><strong>tum</strong></span> <span class='ocrx_word' id='word_1_513' title='bbox 1796 4906 1944 4971; x_wconf 89' lang='lat' dir='ltr'><strong>continuo</strong></span> <span class='ocrx_word' id='word_1_514' title='bbox 1968 4913 2118 4992; x_wconf 88' lang='lat' dir='ltr'><strong>rogatum</strong></span> 
     </span>
    </p>
   </div>
   <div class='ocr_carea' id='block_1_5' title="bbox 291 5111 591 5123">
    <p class='ocr_par' dir='ltr' id='par_1_5' title="bbox 291 5111 591 5123">
     <span class='ocr_line' id='line_1_45' title="bbox 291 5111 591 5123; baseline 0 0"><span class='ocrx_word' id='word_1_515' title='bbox 291 5111 351 5118; x_wconf 39' lang='grc' dir='ltr'><strong>η*-</strong></span> <span class='ocrx_word' id='word_1_516' title='bbox 518 5117 591 5123; x_wconf 69' lang='lat'><strong>---</strong></span> 
     </span>
    </p>
   </div>
   <div class='ocr_carea' id='block_1_6' title="bbox 341 5226 1099 5320">
    <p class='ocr_par' dir='ltr' id='par_1_6' title="bbox 341 5226 1099 5320">
     <span class='ocr_line' id='line_1_46' title="bbox 341 5226 1099 5320; baseline 0.011 -42"><span class='ocrx_word' id='word_1_517' title='bbox 341 5226 366 5290; x_wconf 87' lang='lat' dir='ltr'><strong>l)</strong></span> <span class='ocrx_word' id='word_1_518' title='bbox 386 5229 489 5293; x_wconf 87' lang='lat' dir='ltr'><strong>quode</strong></span> <span class='ocrx_word' id='word_1_519' title='bbox 511 5231 618 5284; x_wconf 90' lang='lat' dir='ltr'><strong>nomine</strong></span> <span class='ocrx_word' id='word_1_520' title='bbox 636 5247 733 5299; x_wconf 85' lang='lat' dir='ltr'><strong>sequor</strong></span> <span class='ocrx_word' id='word_1_521' title='bbox 750 5233 915 5320; x_wconf 79' lang='lat' dir='ltr'><strong>Laclrmunoi</strong></span> <span class='ocrx_word' id='word_1_522' title='bbox 934 5236 1099 5288; x_wconf 86' lang='lat' dir='ltr'><strong>sententium.</strong></span> 
     </span>
    </p>
   </div>
   <div class='ocr_carea' id='block_1_7' title="bbox 0 0 2376 5954">
    <p class='ocr_par' dir='ltr' id='par_1_7' title="bbox 0 0 2376 5954">
     <span class='ocr_line' id='line_1_47' title="bbox 0 0 2376 5954; baseline 0 0"><span class='ocrx_word' id='word_1_523' title='bbox 0 0 2376 5954; x_wconf 95' lang='lat' dir='ltr'><strong> </strong></span> 
     </span>
    </p>
   </div>
  </div>
 </body>
</html>
