4726 5954
1057 421 1260 521 ..L

236 627 368 694 maxime
388 626 552 714 proprium
573 625 719 703 adderet,
740 631 852 690 auctor
873 630 905 689 01
925 627 1013 707 quasi
1036 649 1147 711 parens
1169 625 1327 692 1111110100
1349 627 1467 714 elegiae
1489 631 1619 694 exstitit.
1658 628 1774 694 Vitae
1796 629 1877 694 enim
1900 631 2076 697 rusticae

237 731 378 796 studium
400 730 439 794 ab
461 750 497 793 eo
518 728 656 811 primum
678 733 747 793 arte
768 728 971 790 coniunctum
992 726 1087 792 fuisse
1108 749 1179 792 01111
1201 751 1321 806 amore,
1343 731 1482 794 nondum
1504 731 1543 795 ab
1566 729 1791 809 Alexandrinis,
1812 735 1930 817 partim
1952 755 1989 797 ex
2011 731 2072 797 ele-

238 830 301 918 giis
324 829 454 908 Catulli,
481 828 580 894 seduli
608 849 715 892 eorum
742 828 959 904 aemulatoris,
986 829 1102 913 partim
1124 853 1162 894 ex
1180 829 1248 914 ipso
1282 831 1407 896 illorum
1440 832 1568 916 ingenio
1599 833 1800 916 moribusque
1828 832 1928 898 conici
1959 839 2073 919 potest.

236 933 320 1010 Quid
341 931 423 996 enim
451 931 490 995 ab
519 928 572 1006 iis,
601 931 655 1013 qui
682 930 881 1016 grammatici
909 930 1016 1015 potius
1042 951 1136 1013 quam
1156 937 1268 1016 poetae
1290 933 1330 996 ad
1345 932 1525 1017 -perpolitos
1553 933 1710 1020 principes
1741 934 1938 1000 delectandos
1972 935 2073 1000 laudi·

236 1034 356 1117 busque
378 1031 568 1096 extollendos
590 1052 696 1096 versus
718 1031 931 1107 elaborabant
952 1030 1052 1117 magis
1074 1031 1211 1096 alienum
1231 1032 1325 1098 fuisse
1346 1033 1526 1118 putabimus
1548 1055 1642 1117 quam
1663 1037 1745 1099 ruris
1767 1035 1891 1102 delicias
1913 1043 1946 1101 et
1968 1057 2073 1101 amoe-

235 1133 365 1200 nitates!
408 1131 526 1198 Contra
552 1133 711 1208 Tibullus,
753 1133 808 1216 qui
843 1131 1074 1216 simplicitatem
1089 1138 1217 1222 ,natura
1245 1134 1372 1202 insitam
1403 1141 1435 1199 01
1456 1133 1660 1200 rusticatione
1681 1136 1812 1200 fortasse
1833 1143 1958 1202 auctam
1980 1137 2073 1202 1011

235 1235 314 1300 urbe
336 1233 464 1318 quidem
486 1234 605 1310 amisit,
633 1255 735 1316 neque
756 1256 909 1317 unquam,
934 1235 960 1297 si
983 1232 1109 1316 quidem
1131 1231 1262 1299 Horatio
1286 1235 1388 1320 (epist.
1415 1233 1441 1311 l,
1463 1235 1492 1310 4,
1514 1236 1548 1319 4)
1574 1235 1651 1299 fides
1684 1235 1828 1302 habenda
1855 1245 1917 1315 est,
1950 1238 2074 1303 videtur

236 1334 361 1400 desiisse
385 1333 495 1412 „silvas
516 1335 724 1418 interreptare
745 1334 959 1412 salubres“,is
986 1335 1062 1409 fuit,
1091 1335 1145 1418 qui
1171 1335 1280 1419 poesin
1312 1336 1483 1422 elegiacam
1511 1359 1549 1400 ex
1580 1337 1769 1402 umbraculis
1791 1338 2072 1404 Alexandrinorum

237 1439 433 1504 eruditorum
455 1435 606 1499 insulem
633 1435 721 1518 quasi
744 1443 841 1518 atque
862 1457 988 1520 campos
1009 1436 1197 1521 produceret
1219 1443 1251 1502 et
1269 1460 1327 1522 pro
1351 1438 1501 1514 doctrina,
1524 1459 1587 1520 qua
1608 1438 1654 1501 illi
1677 1459 1791 1522 eosque
1812 1446 1936 1530 secutus
1964 1439 2071 1504 Catul-

235 1539 284 1604 lus
305 1539 373 1603 fera
395 1536 483 1620 quasi
505 1537 620 1600 diluvic
635 1543 739 1602 totum
753 1558 866 1623 argum
906 1542 975 1600 tum
989 1538 1264 1621 perturbaverunt,
1279 1545 1425 1603 naturam
1446 1539 1658 1616 substitueret,
1680 1561 1761 1623 quae
1775 1562 1897 1625 semper
1912 1541 2072 1627 benignis·

235 1643 332 1704 simus
353 1645 517 1724 poetarum
539 1638 607 1702 fons
629 1639 692 1703 fuit
712 1645 808 1722 atque
830 1557 977 1702 indietis.
1022 1639 1147 1715 Quanta
1168 1647 1272 1705 antem
1288 1645 1355 1705 arte
1377 1641 1453 1704 hacc
1474 1640 1535 1704 duo
1557 1642 1734 1726 argumenti
1756 1663 1873 1726 genera
1895 1641 2073 1707 coniunxit!

236 1739 310 1806 Non
331 1741 377 1805 ita
397 1746 434 1804 ut
454 1747 509 1806 aut
532 1740 665 1804 alterum
692 1742 806 1806 obruat
826 1740 926 1805 altero
949 1743 1004 1804 aut
1030 1740 1086 1804 ubi
1117 1748 1287 1826 utrumque
1309 1763 1372 1806 101
1399 1747 1464 1807 tam
1493 1741 1758 1827 conglutinaverit
1781 1765 1875 1825 quam
1897 1743 2074 1809 confuderit

236 1841 457 1927 persentiscas,
479 1841 533 1904 sed
554 1845 620 1906 1011
642 1848 709 1908 0110
731 1866 768 1907 00
789 1840 965 1919 connexuit,
987 1847 1025 1904 ut
1045 1842 1110 1907 fere
1133 1844 1264 1921 dubites,
1287 1847 1395 1908 utrum
1416 1844 1544 1908 alterius
1567 1864 1659 1908 causa
1680 1843 1882 1908 arcessiserit.
1928 1844 1997 1921 Qua
2019 1868 2074 1909 au-

237 1949 301 2007 tem
320 1943 443 2008 ratione
462 1941 517 2008 illa
538 1941 621 2008 inter
642 1969 674 2008 se
695 1944 885 2009 cohaereant
907 1948 939 2006 01
960 1965 1022 2026 quo
1045 1943 1112 2009 iure
1144 1945 1211 2030 ipsc
1232 1945 1429 2010 coniunxerit
1451 1944 1585 2030 explicat
1607 1967 1643 2009 eo
1666 1944 1734 2009 loco
1757 1965 1819 2028 quo
1841 1951 1968 2030 poetam
1990 1945 2074 2012 vitae

237 2044 370 2109 rusticae
382 2067 414 2108 se
436 2042 592 2128 professas
614 2045 717 2110 verbis
738 2045 787 2110 his
808 2067 900 2122 „rura
922 2067 999 2110 cano
1021 2046 1166 2129 rurisque
1189 2047 1278 2112 deos‘⁴
1300 2048 1383 2112 inter
1405 2068 1512 2111 causas
1539 2066 1596 2110 cur
1618 2045 1706 2130 digni
1727 2044 1773 2109 illi
1796 2045 1859 2112 sint
1881 2045 1936 2130 qui
1959 2069 2074 2111 canan·

237 2152 289 2209 tur
318 2145 462 2210 ultimam
484 2167 615 2228 eamque
646 2145 861 2231 gravissimam
883 2146 976 2212 affert
998 2169 1065 2212 eam
1087 2149 1172 2232 quod
1194 2149 1314 2234 Cupido
1336 2148 1403 2212 ruri
1425 2152 1517 2212 natus
1539 2153 1619 2212 esset
1640 2156 1673 2212 et
1694 2148 1759 2212 illio
1787 2148 1924 2233 primum
1944 2148 2072 2214 indocto

235 2268 267 2310 se
287 2245 475 2312 exercuisset
496 2269 571 2312 arcu
600 2247 654 2329 (11,
680 2251 707 2325 1,
728 2249 793 2331 67).
838 2247 882 2312 Ut
903 2248 1004 2333 igitur
1025 2272 1113 2314 amur
1134 2273 1207 2314 rure
1229 2251 1388 2336 profectus
1416 2249 1524 2331 ibique
1552 2249 1684 2313 maxime
1716 2249 1936 2332 liberrimeque
1970 2250 2073 2314 cultus

236 2369 300 2411 esse
321 2353 433 2433 poetae
454 2348 589 2424 videtur,
606 2350 651 2412 sic
673 2349 804 2413 eundem
826 2348 926 2413 solum
948 2350 1031 2415 vitae
1053 2352 1188 2416 rusticae
1209 2351 1320 2416 afferre
1342 2351 1568 2416 iucunditatem
1582 2350 1705 2434 saepius
1720 2357 1829 2436 aperte
1851 2351 1936 2416 dicit.
1967 2350 2073 2416 Veluti

235 2470 306 2512 cum
326 2448 431 2532 puella
453 2454 557 2513 amata
578 2447 674 2513 aliam
696 2453 867 2513 amatorem
888 2472 941 2514 rus
961 2456 1067 2516 secuta
1089 2453 1130 2517 sit
1151 2455 1196 2517 sic
1218 2453 1384 2518 exclamat:

749 2551 867 2615 ferrens
889 2543 1018 2616 01111011
1040 2553 1101 2616 heu
1123 2555 1264 2638 quisquis
1285 2554 1318 2618 in
1341 2554 1421 2618 urbe
1442 2561 1557 2618 manet.

730 2651 797 2736 ipsa
827 2650 930 2716 Venus
953 2653 1032 2718 lator
1054 2654 1117 2718 iam
1144 2677 1227 2720 nnnc
1249 2655 1399 2740 migravit
1420 2655 1454 2719 in
1476 2675 1578 2740 agros.

235 2746 309 2812 Alio
331 2747 399 2812 loco
422 2755 512 2834 optat
533 2758 570 2816 ut
592 2773 660 2816 eum
685 2753 777 2818 Delia
799 2755 893 2818 boves
915 2754 1046 2841 iungere
1067 2755 1166 2839 possit
1187 2764 1221 2822 et
1243 2758 1275 2821 11
1297 2763 1403 2822 monte
1426 2779 1498 2820 oves
1519 2776 1646 2840 pascere
1667 2753 1705 2836 (1,
1729 2757 1757 2829 2,
1780 2754 1842 2836 71),
1863 2752 1913 2817 101
1935 2752 2067 2836 denique

234 2849 290 2912 ubi
311 2849 433 2914 felicem
455 2851 552 2918 vitam
574 2853 767 2939 cogitatione
788 2855 848 2919 sibi
869 2856 963 2941 fingit
985 2856 1028 2938 (I,
1051 2858 1086 2932 2,
1109 2859 1147 2920 51
1169 2845 1230 2940 111.)
1261 2881 1366 2936 „rura
1394 2857 1511 2940 inquit,
1542 2856 1645 2921 colam
1666 2854 1856 2940 frugumque
1878 2853 1979 2918 aderit
2001 2877 2070 2919 mea

136 2979 139 2985 ¹
234 2948 326 3014 Delia
348 2959 469 3016 custos·‘
492 2961 523 3018 ct
546 2975 626 3037 quae
647 2962 830 3040 sequuntur.
875 2957 927 3023 Sic
949 2958 1049 3044 igitur
1071 2957 1251 3041 ubieunque
1271 2959 1423 3045 imagines
1445 2956 1581 3022 rusticae
1613 2959 1776 3020 contextae
1797 2959 1870 3019 sunt
1892 2977 1963 3020 cum
1985 2978 2071 3022 ama·

234 3051 338 3130 toriis,
361 3054 433 3118 illae
455 3055 598 3119 umbram
620 3057 708 3140 quasi
741 3064 774 3121 et
794 3064 933 3124 extrema
954 3059 1003 3145 his
1032 3060 1167 3125 afferunt
1187 3061 1392 3136 lineamenta;
1426 3060 1480 3124 nbi
1502 3080 1577 3124 sero
1599 3059 1682 3122 solae
1703 3056 1909 3121 inveniuntur
1931 3057 1963 3122 id
1984 3079 2072 3143 spec-

228 3161 319 3231 tant,
342 3161 379 3219 ut
399 3156 503 3221 aridas
526 3178 605 3238 quae
628 3163 797 3224 narrantur
818 3181 867 3224 res
890 3167 1052 3243 tamquam
1074 3162 1179 3226 vivido
1207 3185 1282 3228 suco
1304 3162 1504 3247 perfundant.
1549 3159 1586 3225 Id
1608 3157 1850 3224 luculentissime
1878 3165 2008 3242 apparet
2030 3181 2068 3223 ex

234 3255 335 3342 elegia
356 3256 450 3341 primi
471 3257 545 3321 libri
567 3258 716 3342 septima,
738 3261 771 3324 in
793 3283 856 3344 qua
876 3266 971 3346 poeta
991 3269 1160 3348 postquam
1182 3263 1342 3330 Messallae
1372 3264 1477 3327 laudes
1499 3262 1701 3347 singulosque
1730 3259 1907 3343 triumphos
1931 3259 2068 3324 breviter

233 3357 376 3441 nudeque
399 3361 592 3425 enumeravit
614 3361 740 3426 taudem
762 3363 802 3426 ad
824 3363 1056 3448 Aegyptiacum
1077 3365 1203 3442 transit,
1230 3389 1267 3430 ex
1290 3387 1351 3450 quo
1375 3363 1568 3431 occasionem
1589 3361 1767 3448 argumenti
1789 3360 1941 3426 dilatandi
1962 3361 2066 3426 sumit.

234 3455 279 3522 Ut
301 3458 383 3522 enim
404 3459 599 3526 fertilitatem
621 3461 715 3527 huius
734 3463 915 3548 provinciae
937 3465 1110 3550 praedicet,
1139 3471 1332 3551 quantopere
1354 3465 1466 3543 Osiris,
1489 3487 1584 3547 quem
1604 3464 1737 3528 eundem
1759 3486 1823 3528 esse
1851 3470 1945 3546 putat
1972 3471 2068 3545 atque

234 3556 407 3635 Bacchum,
444 3563 481 3626 de
501 3562 695 3640 hominibus,
729 3565 883 3650 imprimis
915 3565 1063 3631 ramirum
1084 3567 1245 3651 agricolis,
1277 3570 1426 3633 meruerit
1447 3590 1505 3652 per
1532 3566 1657 3652 singula
1688 3565 1896 3649 persequitur.
1939 3562 1988 3627 De
2009 3561 2069 3628 bac

234 3659 336 3744 elegia
357 3667 389 3724 et
411 3662 449 3726 de
470 3662 542 3727 libri
564 3665 690 3728 secundi
714 3669 840 3748 quinta,
873 3669 961 3733 cuius
982 3668 1083 3732 simile
1111 3678 1159 3733 est
1185 3669 1398 3754 propositum,
1430 3668 1572 3733 nonnulli
1595 3667 1654 3731 viri
1683 3668 1768 3732 docti
1795 3666 1903 3749 iniqua
1925 3665 2068 3730 fecerunt

234 3761 365 3838 iudicia,
386 3761 419 3827 in
442 3785 522 3846 quae
543 3765 648 3849 paullo
672 3769 847 3833 accuratius
870 3772 1029 3854 inquirere
1051 3792 1114 3835 non
1135 3770 1260 3836 videtur
1281 3771 1418 3837 alienum
1440 3793 1506 3834 esse
1528 3792 1547 3835 a
1567 3767 1744 3855 proposito,
1771 3767 1846 3851 quia
1874 3769 1900 3832 si
1922 3773 2007 3832 recte
2029 3789 2066 3831 ea

232 3863 481 3948 perspexerimus
503 3866 618 3930 rectius
652 3867 690 3931 de
716 3867 777 3934 illis
804 3871 1059 3937 existimabimus.
1103 3872 1208 3955 Atque
1230 3896 1302 3937 curn
1329 3871 1537 3954 Teuffeliusl)
1570 3871 1656 3935 illam
1676 3871 1843 3954 septimam
1875 3869 1947 3933 libri
1969 3867 2065 3953 primi

234 3965 365 4050 elegiam
386 3988 449 4030 una
471 3969 667 4052 cumprime
690 3971 795 4052 quarti
818 3971 890 4035 libri
912 3973 1048 4037 carmine
1070 3973 1198 4038 iuvenili
1220 3981 1325 4040 aetate
1345 3974 1495 4059 scriptam
1517 3994 1581 4037 esse
1603 3977 1712 4056 putat,
1740 3993 1804 4054 qua
1831 3969 1972 4035 Tibullus
1992 3969 2067 4032 Δ10-

234 4067 455 4132 xandrinorum
489 4069 629 4154 vestigiis
659 4069 750 4133 nimis
782 4071 939 4157 ingressus
961 4076 1099 4140 nondum
1129 4077 1169 4141 ad
1191 4076 1324 4141 liberum
1356 4075 1512 4140 scribendi
1533 4073 1699 4138 arbitrium
1720 4071 1927 4156 pervenisset,
1962 4069 2067 4154 Grap-

232 4166 341 4251 pius2)
369 4168 443 4234 libri
470 4170 597 4236 secundi
620 4173 764 4255 quintam
790 4195 853 4238 101
886 4175 987 4238 solum
1007 4177 1110 4240 1111111
1131 4178 1319 4262 perpolitam
1351 4178 1405 4241 sed
1426 4165 1514 4260 quasi
1544 4173 1689 4239 extremis
1722 4177 1847 4238 tantum
1868 4173 2063 4236 lineamentis

233 4268 450 4336 adumbratam
471 4295 536 4337 esse
557 4273 686 4338 iudicat.
730 4271 775 4337 Ut
795 4272 878 4338 illius
900 4274 1079 4359 opinionem
1095 4278 1271 4343 refellamus
1293 4278 1372 4342 nihil
1394 4277 1452 4342 nisi
1473 4277 1577 4341 brevis
1599 4275 1798 4341 ratiocinatio
1814 4296 1893 4360 opus
1915 4281 1963 4337 est
1983 4277 2063 4336 tem-

231 4369 332 4455 poris,
364 4393 427 4453 11110
450 4395 592 4456 quaeque
614 4373 715 4460 elegia
735 4373 852 4460 scripta
873 4378 923 4442 sit.
969 4377 1100 4444 Constat
1127 4385 1233 4444 autem
1260 4380 1344 4444 inter
1365 4402 1486 4456 omnes,
1520 4379 1686 4464 septimam
1706 4377 1794 4448 111001
1814 4375 1920 4459 paullo
1940 4381 2013 4459 post
2034 4395 2062 4438 a.

232 4472 261 4538 d.
285 4471 315 4535 X
337 4469 402 4537 Cal.
424 4471 495 4537 Oct.
515 4475 589 4540 anni
612 4477 672 4540 727
696 4481 798 4541 ortam
820 4497 900 4553 esse,
923 4501 985 4562 quo
1008 4479 1057 4543 die
1079 4479 1223 4547 Messalla
1245 4481 1282 4545 de
1296 4480 1464 4565 Aquitanis
1478 4480 1700 4566 triumphavit;
1723 4499 1830 4543 earum
1851 4483 1957 4541 autem
1971 4476 2064 4558 quin-

232 4596 292 4658 que
314 4573 485 4660 elegiarum
507 4576 592 4658 (libri
614 4578 638 4656 1,
664 4581 689 4642 l.
712 4580 742 4644 2.
766 4581 795 4643 3.
820 4582 849 4643 5.
873 4581 915 4661 6),
938 4603 1019 4664 quae
1048 4583 1081 4646 in
1103 4581 1225 4647 Deliam
1247 4583 1382 4667 scriptae
1403 4588 1492 4660 sunt,
1522 4591 1554 4648 et
1576 4605 1652 4665 quas
1681 4582 1747 4665 ipse
1769 4577 1936 4642 Teuffelius
1959 4577 2060 4640 omni-

230 4697 285 4738 um
305 4675 531 4762 pulcherrimas
552 4679 704 4764 appellat,
726 4678 823 4744 tertia
844 4680 971 4763 quidem
991 4705 1054 4748 nna
1076 4705 1196 4749 summa
1218 4707 1289 4749 cum
1312 4684 1638 4749 verisimilitudinem
1660 4702 1742 4747 anno
1766 4679 1826 4743 724
1848 4680 1923 4764 poni
1945 4685 2059 4762 potest,

230 4799 293 4860 quo
315 4785 424 4865 poeta,
447 4799 549 4844 comes
571 4779 707 4844 eiusdem
729 4779 846 4845 Valerii
868 4779 1043 4862 Messallae,
1066 4785 1121 4868 qui
1143 4786 1224 4851 bello
1247 4787 1407 4870 Aquitano
1429 4786 1572 4852 confecto
1594 4784 1634 4848 ab
1656 4781 1828 4848 Octaviano
1851 4787 1961 4846 contra
1986 4803 2059 4866 par-

230 4883 277 4944 tes
301 4880 496 4946 Antonianas
517 4880 551 4944 in
573 4879 712 4946 Ciliciam
729 4885 838 4952 missus
860 4894 942 4964 erat,
971 4886 1142 4959 initiasse
1174 4888 1284 4953 morbo
1318 4893 1480 4972 correptus
1512 4886 1545 4950 in
1579 4885 1715 4967 Corcyra
1746 4904 1906 4947 remanere
1938 4889 2063 4946 coactus

286 5113 311 5179 1)
329 5114 389 5170 bist.
408 5115 458 5170 litt
478 5119 555 5171 Rom.
573 5133 634 5185 pag.
652 5117 712 5174 44³.

281 5196 310 5264 2)
328 5197 357 5252 in
375 5200 444 5254 libro
462 5203 508 5270 qni
524 5200 681 5256 inscribitur
698 5205 766 5267 „Die
784 5205 915 5259 1111110110
933 5205 1046 5271 Elegie“
1064 5219 1125 5273 pag.
1144 5203 1186 5257 82.
