4726 5954
1188 369 1228 434 16

1201 462 1206 467 .
1218 459 1315 468 ---..--.

293 580 383 668 mihil
405 579 464 644 nisi
486 583 622 642 metrum
645 597 809 640 commune
832 580 913 650 erat,
936 577 1027 639 etex
1049 577 1190 638 veterum
1213 573 1430 638 definitionum
1459 574 1667 658 discrepantia
1689 583 1721 641 et
1743 600 1779 640 ex
1802 577 1973 662 elegiarum
1997 583 2133 648 Graeca·

293 705 363 747 rurn
385 679 524 764 reliquiis
547 676 687 763 intellegi
709 682 823 761 potest.
868 675 910 739 Et
932 674 1058 757 quidem
1079 695 1149 738 cum
1173 674 1271 739 Attici
1299 674 1359 739 hoe
1381 683 1481 740 metro
1504 682 1668 740 uterentur
1690 677 1729 741 ad
1752 677 1981 764 epigrammata
2003 689 2035 746 et
2057 684 2134 750 talia

294 782 421 870 eligidia
442 779 620 855 scribenda,
643 777 755 862 quibus
778 778 879 861 magis
901 797 1027 839 monere
1050 785 1081 839 et
1104 777 1214 840 docere
1237 798 1331 858 quam
1353 777 1508 841 delectare
1536 776 1718 862 cupiebant,
1746 787 1784 842 nt
1804 778 1934 862 Tyrtaci
1956 789 1989 846 ct
2011 781 2134 850 Solonis

294 886 452 965 ὑποθῆκαι
475 888 647 958 testantur,
670 877 873 944 Alexandrini
900 878 998 941 secuti
1020 883 1093 942 sunt
1115 877 1335 946 Mimnermmn
1358 878 1602 962 Colophonium,
1631 878 1685 961 qni
1706 879 1825 964 primus
1857 885 2025 948 amatorias
2049 906 2134 949 com-

294 985 399 1072 posuit
421 983 545 1069 elegias.
590 983 677 1046 Inter
698 987 847 1063 utrosque
885 978 1010 1042 vacillat
1034 979 1174 1042 Catullus
1196 979 1241 1045 ita
1261 987 1367 1044 tamen
1400 985 1436 1043 nt
1458 989 1571 1044 natura
1594 980 1693 1064 magis
1715 982 1755 1046 ad
1788 982 2017 1066 epigrammata
2039 1009 2133 1070 quam

212 1261 215 1270 .
294 1192 374 1254 riam
395 1187 547 1272 pertinet,
568 1190 624 1250 aut
647 1184 813 1248 admodum
835 1183 984 1266 exiguum
1007 1188 1053 1246 est
1074 1191 1130 1246 aut
1144 1196 1272 1268 prorsus
1293 1182 1450 1258 omissum,
1473 1191 1509 1246 ut
1531 1181 1563 1245 in
1586 1181 1694 1266 elegia,
1717 1205 1811 1266 quam
1833 1177 1872 1250 ad
1895 1187 2019 1252 ianuam
2033 1190 2133 1276 scrip-

295 1291 335 1356 sit
357 1297 388 1354 et
411 1311 490 1372 quae
513 1289 553 1350 ob
575 1286 674 1352 solam
694 1283 924 1371 longitudinem
946 1306 985 1346 ex
1006 1283 1267 1369 epigrammatum
1296 1304 1425 1347 numero
1448 1287 1592 1366 exempta
1624 1284 1674 1347 hic
1697 1285 1799 1350 locum
1833 1286 1983 1353 iuvenisse
2006 1288 2130 1356 videtur

296 1389 452 1474 (LXVII).
496 1388 639 1452 Tibullus
661 1393 767 1452 alitem
789 1408 852 1468 qua
879 1384 913 1448 in
934 1407 968 1448 re
991 1385 1054 1448 vim
1087 1387 1175 1468 quasi
1198 1393 1230 1449 et
1251 1393 1397 1450 naturam
1419 1384 1537 1469 elegiae
1559 1385 1694 1468 positam
1717 1409 1781 1450 esse
1803 1388 1962 1472 putaverit
1990 1389 2056 1474 ipse
2078 1393 2132 1456 de·
2233 1444 2241 1456 ,

296 1493 394 1557 clarat
416 1490 458 1568 ΙΙ,
480 1491 509 1566 4,
534 1492 571 1553 15
594 1488 653 1553 ita:

823 1587 866 1651 111
887 1587 998 1671 procul
1020 1609 1125 1652 musae
1146 1588 1172 1652 si
1195 1611 1257 1652 uon
1278 1587 1434 1671 prodestis
1456 1588 1621 1662 amanti,

849 1710 914 1752 non
935 1710 995 1774 ego
1018 1709 1085 1766 vos,
1108 1697 1145 1753 ut
1166 1689 1229 1753 sint
1251 1689 1332 1753 bella
1354 1688 1505 1762 canenda,
1528 1687 1596 1752 colo

806 1811 862 1853 nec
885 1790 985 1854 refero
1008 1791 1142 1873 solisque
1163 1790 1229 1854 uias
1252 1799 1284 1854 ct
1308 1789 1422 1872 (qualis,
1444 1789 1499 1852 ubi
1521 1789 1629 1854 orbem

870 1891 1053 1977 complevit,
1075 1891 1171 1957 versis
1193 1891 1281 1957 Luna
1302 1891 1437 1956 recurrit
1459 1892 1556 1974 equis

782 1991 831 2056 nd
855 1991 1011 2058 dominam
1033 1993 1137 2058 faciles
1160 1992 1262 2056 aditus
1284 2015 1342 2077 per
1363 1991 1500 2057 carmina
1521 2013 1652 2075 quaero:

874 2096 917 2158 ite
938 2095 1049 2179 procul
1072 2117 1192 2166 musae,
1213 2095 1238 2157 si
1262 2093 1338 2158 nihil
1362 2093 1423 2158 ista
1443 2094 1558 2157 valent.

295 2203 328 2262 11
351 2195 391 2272 ΙΙ,
414 2197 443 2270 5,
467 2196 525 2260 111
550 2194 609 2259 ita:

752 2317 852 2378 usqne
874 2317 951 2361 cano
973 2295 1146 2372 Nemesim,
1168 2297 1234 2361 sine
1255 2319 1317 2380 qna
1340 2318 1446 2360 versus
1469 2295 1546 2359 mihi
1569 2293 1671 2358 nullus

868 2399 963 2463 verba
984 2405 1090 2482 potest
1111 2398 1209 2462 iustos
1230 2407 1287 2464 aut
1307 2395 1444 2482 reperire
1466 2397 1568 2481 pedes.

294 2499 429 2564 Fontem
461 2498 561 2584 igitur
582 2497 627 2562 ait
649 2520 686 2562 ex
708 2519 770 2582 quo
805 2521 915 2564 versus
942 2505 1069 2564 manent
1102 2501 1297 2582 eundemque
1317 2501 1412 2563 linem
1444 2499 1598 2580 adquam
1630 2497 1776 2569 tendant,
1809 2496 1868 2559 sibi
1890 2517 1954 2560 esse
1984 2518 2128 2560 amorem.

296 2600 390 2665 Cuius
411 2623 517 2664 sensus
537 2600 729 2683 affectusque
751 2599 924 2683 exprimere
947 2623 1018 2666 cum
1039 2600 1102 2666 iam
1124 2611 1197 2667 ante
1220 2625 1290 2666 enm
1312 2601 1423 2666 Graeci
1454 2599 1572 2686 elegiae
1599 2599 1763 2682 proprium
1787 2607 1818 2663 et
1839 2600 2045 2683 praecipuum
2068 2620 2131 2660 esse

295 2688 499 2776 iudicassent,
522 2699 600 2765 nibil
620 2701 695 2764 novi
717 2700 842 2782 quidem
864 2701 1006 2766 Tibullus
1029 2704 1166 2774 effinxit.
1188 2711 1293 2769 tamen
1315 2727 1351 2767 ea.
1372 2725 1407 2766 re
1429 2703 1468 2766 ab
1490 2701 1550 2764 illis
1573 2701 1693 2774 differt,
1717 2701 1801 2781 quod
1823 2701 1940 2781 ubique
1955 2721 2027 2764 cunr
2047 2720 2132 2763 arno-

293 2824 328 2867 re
350 2802 513 2867 coniunxit
536 2803 761 2885 querimoniam
785 2803 887 2866 nescio
909 2827 950 2867 1111
970 2806 1071 2888 inagis
1095 2813 1207 2870 natura
1228 2828 1284 2869 sua
1315 2805 1426 2868 ductus
1449 2825 1544 2886 qusmr
1565 2802 1650 2885 quod
1671 2801 1826 2886 originem
1847 2803 1992 2868 vocabuli
2014 2799 2131 2886 elegiae

294 2904 463 2989 spectavit,
487 2927 566 2988 quae
588 2912 644 2970 ant
666 2929 684 2969 a
706 2905 825 2968 Graeca
848 2927 923 2968 voce
946 2905 1079 2968 dolentis
1102 2909 1114 2968 e'
1137 2913 1192 2971 aut
1213 2931 1233 2972 a
1253 2905 1449 2972 substantivo
1473 2906 1553 2977 ileos
1576 2926 1688 2967 nomen
1711 2905 1836 2968 videtur
1858 2907 1997 2969 traxisse.
2041 2901 2130 2966 Nun-

295 3026 389 3091 quam
410 3005 510 3090 igitur
530 3008 616 3091 apud
638 3005 717 3071 enm
730 3006 937 3071 inveniuntur
965 3007 1211 3086 exclamationes,
1235 3008 1335 3092 qualis
1351 3007 1483 3090 exempli
1507 3028 1600 3071 causa
1622 3005 1738 3090 legitur
1761 3007 1794 3070 in
1808 3005 1972 3090 Propertio
1995 3003 2052 3080 ΙΙΙ,
2078 3006 2131 3080 15;

295 3106 339 3184 „0
363 3129 411 3170 me
433 3107 568 3185 felicem,
591 3132 609 3172 o
631 3131 694 3173 nox
715 3109 793 3172 mihi
814 3107 962 3172 candida*
986 3117 1017 3172 et
1040 3131 1120 3192 quaa
1140 3116 1327 3194 acquantum
1350 3131 1450 3192 neque
1472 3117 1578 3172 autem
1606 3129 1743 3190 unquam
1773 3117 1837 3173 tam
1869 3107 1964 3170 libere
1993 3125 2132 3168 amorem

293 3229 384 3271 suum
407 3229 478 3272 curn
501 3209 568 3273 aliis
592 3209 782 3274 amatoribus
805 3231 837 3272 11
860 3209 1088 3275 communicare
1110 3214 1277 3295 profitetur
1299 3219 1335 3275 nt
1357 3209 1497 3274 Catullus
1520 3231 1590 3272 cnm
1610 3209 1737 3273 scribit:

797 3333 877 3392 quae
898 3315 1002 3374 tamen
1024 3311 1081 3375 etsi
1105 3335 1167 3376 uno
1189 3335 1252 3376 non
1274 3319 1321 3376 est
1343 3319 1492 3376 contenta
1514 3309 1636 3374 Catullo

885 3433 956 3476 rara
978 3415 1170 3478 verecundae
1192 3416 1277 3479 hirta
1298 3413 1432 3478 feremus
1455 3435 1539 3488 erae,

835 3538 874 3579 ne
896 3515 1027 3578 nimium
1049 3515 1145 3578 sirnus
1166 3517 1337 3580 stultorum
1359 3537 1445 3579 more
1467 3513 1589 3578 molesti

293 3611 346 3676 sed
370 3633 492 3695 semper
514 3613 609 3678 habet
631 3636 687 3678 cur
709 3622 859 3698 queratur
881 3615 930 3680 vel
960 3617 998 3680 dc
1019 3617 1127 3690 ianua,
1156 3641 1217 3700 qua
1239 3618 1278 3682 ab
1301 3627 1406 3682 ansata
1427 3617 1532 3700 puella
1553 3615 1728 3679 excluditur·
1750 3613 1833 3696 (vide
1857 3612 1881 3688 Ι,
1903 3615 1933 3688 2,
1955 3612 1989 3680 bt
2026 3611 2052 3682 1,
2073 3610 2129 3680 sith

293 3715 323 3789 5,
345 3713 402 3788 673
424 3713 465 3790 ΙΙ,
488 3717 516 3790 3,
541 3716 597 3787 741
620 3717 649 3793 4,
671 3717 721 3793 22,
744 3719 800 3792 31;
823 3724 852 3793 6,
874 3719 928 3798 41)
950 3719 1000 3781 vel
1022 3719 1059 3782 de
1081 3720 1214 3784 avaritia
1235 3720 1357 3804 puellae
1379 3725 1411 3782 et
1433 3716 1488 3800 qui
1511 3739 1648 3781 amorem
1671 3716 1803 3780 vendere
1818 3715 1959 3778 docuerit
1985 3711 2069 3793 (vide
2092 3708 2132 3784 ΙΙ,

294 3815 323 3890 4,
347 3815 395 3888 14,
417 3815 467 3892 25,
490 3818 540 3892 33,
562 3817 619 3888 39;
642 3818 671 3892 2,
694 3818 751 3892 493
775 3817 798 3892 l,
821 3819 849 3893 9,
875 3820 922 3895 11,
945 3822 995 3896 51,
1020 3821 1058 3883 77
1081 3821 1217 3906 1111111111
1240 3821 1288 3884 vel
1312 3820 1446 3901 deniqne
1468 3818 1506 3881 de
1528 3817 1603 3894 deo,
1626 3817 1680 3899 qui
1702 3826 1841 3882 amantes
1857 3814 1975 3878 cruciet
1998 3813 2081 3896 (vide
2105 3812 2130 3888 Ι,

293 3915 402 3992 219ὃὶ
426 3919 454 3992 6,
479 3918 493 3978 l
518 3939 564 3998 sq.
590 3918 618 3994 8,
641 3920 675 3993 5;
698 3917 740 3996 ΙΙ,
765 3919 791 3994 1,
815 3919 864 3994 70,
885 3920 942 3996 82;
965 3923 993 3996 5,
1021 3922 1079 3985 107
1102 3945 1148 4004 sq.
1171 3927 1199 4000 o,
1223 3924 1285 4006 15).
1330 3920 1515 4001 Ubicunque
1543 3925 1648 3982 antem
1670 3919 1765 3982 animi
1791 3917 1982 3981 hilaritatem
2007 3937 2130 3999 expres-

293 4016 348 4093 sit,
371 4017 566 4101 voluptatem
588 4028 693 4082 mente
715 4027 854 4095 tantum,
877 4043 939 4085 uon
962 4045 995 4085 re
1019 4021 1531 4108 1111111[11111111111111111111111
1559 4029 1591 4084 et
1615 4042 1758 4084 versuum
1780 4019 1893 4081 horum

956 4131 990 4186 at
1011 4124 1089 4188 mihi
1109 4125 1230 4190 felicem
1252 4127 1349 4189 vitam
1374 4173 1380 4186 .
1405 4173 1410 4186 .
1438 4176 1444 4188 .
1470 4175 1476 4187 .

899 4226 1058 4309 fingebam
1080 4228 1204 4292 (lerneus
1226 4228 1280 4290 sed
1301 4233 1451 4289 renuente
1476 4224 1534 4287 deo

183 4391 189 4397 ,
294 4342 356 4384 non
378 4321 473 4385 verba
496 4324 622 4404 quidem
644 4333 749 4387 tamen
770 4328 926 4391 sententia
948 4327 979 4390 in
1004 4330 1147 4392 omnibus
1168 4330 1234 4392 fere
1257 4327 1363 4412 elegiis
1385 4324 1521 4408 repetita
1544 4331 1598 4388 est.
1628 4320 1677 4385 Ne
1700 4343 1736 4385 ea
1759 4319 1899 4402 quidem,
1921 4323 2035 4402 inqua
2058 4343 2130 4384 cum

293 4423 336 4485 sit
357 4424 459 4506 prima
481 4446 587 4489 earum
610 4447 686 4507 quas
708 4426 748 4490 ud
769 4425 893 4492 Deliam
915 4435 1049 4493 amatam
1070 4430 1195 4513 scripsit
1218 4451 1279 4512 quo
1303 4436 1444 4512 tempore
1465 4427 1629 4511 perfidiam
1650 4422 1731 4486 illius
1748 4421 1872 4485 videtur
1895 4423 2034 4485 nondum
2057 4443 2132 4506 cog-

276 4523 428 4602 novisse,
461 4525 601 4590 omnium
623 4526 755 4590 maxime
776 4528 891 4593 amoris
913 4530 1011 4593 felicis
1033 4529 1138 4614 imago
1160 4553 1305 4616 expressa
1327 4537 1388 4607 cst,
1422 4527 1515 4613 primi
1537 4528 1609 4591 libri
1632 4525 1760 4591 tertiam
1782 4523 1865 4598 dioc,
1902 4523 2047 4608 querellis
2071 4523 2128 4586 tri-

293 4625 459 4708 stitiaeque
482 4629 624 4712 vestigiis
645 4628 824 4692 suavissime
847 4651 918 4693 cum
947 4629 1105 4696 hilaritate
1127 4632 1261 4696 confusis
1284 4636 1378 4696 caret.
1423 4631 1524 4707 Quam
1558 4628 1653 4693 animi
1677 4627 1920 4694 vicissitudinem
1952 4626 2127 4690 sitantum

294 4725 416 4790 artificii
440 4749 532 4792 causa
554 4751 572 4792 a
594 4735 701 4812 poeta,
729 4736 766 4794 nt
787 4730 880 4794 rebus
903 4731 1019 4814 1111111111
1053 4741 1167 4796 natura
1188 4734 1271 4796 inter
1298 4754 1330 4796 se
1358 4730 1600 4817 confligentibus
1632 4730 1785 4796 lectorum
1806 4731 1925 4796 animos
1949 4729 2128 4802 delectaret,

293 4828 471 4892 arcessitam
495 4851 559 4893 esse
582 4836 779 4914 putaremus,
802 4832 835 4896 in
856 4854 972 4917 magno
995 4854 1100 4897 errore
1122 4855 1330 4910 versaremur,
1352 4835 1406 4898 scd
1427 4833 1630 4898 statuendum
1653 4841 1713 4909 est,
1736 4841 1862 4919 poetam
1878 4837 1991 4896 natura
2013 4831 2051 4895 ad
2074 4829 2130 4894 tri-

293 4927 413 4992 stitiam
434 4932 669 5014 propensiorem
691 4933 784 4997 fuisse
806 4956 900 5017 quarn
923 4935 962 4998 ad
984 4933 1153 5012 laetitiam,
1176 4935 1284 5018 illique
1306 4935 1338 4998 in
1354 4934 1542 5000 carminibus
1564 4921 1734 4999 scribendis
1756 4933 1871 4998 idcirco
1886 4932 2050 5017 indulgere
2064 4953 2130 4996 ma·

293 5028 401 5105 luisse,
425 5033 544 5115 quippe
566 5053 660 5115 quam
682 5033 800 5119 elegiae
821 5041 859 5099 ut
881 5035 926 5100 ita
947 5035 1049 5101 dicam
1063 5037 1244 5102 charactera
1265 5036 1364 5121 magis
1388 5037 1496 5100 decere
1511 5059 1606 5119 quam
1627 5037 1820 5100 hilaritatem
1841 5038 1978 5119 putaret.
2000 5071 2041 5080 -—
2057 5033 2132 5098 Ter-

292 5131 373 5194 tium
396 5131 530 5216 denique
552 5132 646 5216 idque
668 5135 837 5200 maximum
858 5136 890 5200 in
912 5136 1003 5201 laude
1024 5137 1140 5202 11111111
1162 5139 1341 5222 ponendum
1363 5143 1409 5201 111
1431 5136 1464 5199 id
1480 5138 1565 5220 quod
1585 5159 1657 5200 cunr
1678 5135 1751 5199 novi
1767 5134 1895 5217 aliquid,
1917 5133 2129 5200 Romanorum
