4726 5954
1026 431 1228 529 ...¹3..

208 642 398 730 pentametri
418 643 522 728 posita
537 644 618 712 suut,
640 639 778 702 ominum
801 637 933 702 maxime
949 659 1038 701 aures
1059 635 1182 712 feriant,
1203 638 1413 700 assonautiam
1429 636 1477 698 vel
1499 643 1535 701 ut
1550 634 1663 701 Graeci
1679 637 1788 700 dieunt
1805 635 2053 722 ΙιμιιιιοτέλιιπιιιΙ

212 745 296 828 qnod
319 742 496 827 saepissime
509 741 570 805 illis
586 739 729 816 efficitur,
751 745 862 822 poetae
884 759 948 801 non
970 759 1097 820 prorsus
1120 737 1245 818 quidem
1260 737 1438 801 vitaverunt
1461 745 1493 801 at
1515 745 1608 811 certe,
1632 759 1693 820 quo
1716 737 1784 819 quis
1800 737 1969 820 perfectior
1984 747 2052 804 erat

209 846 245 909 iu
268 845 406 908 versibus
428 841 616 916 scribendis,
639 861 674 904 eo
697 841 798 924 magis
820 837 912 902 certis
934 837 1169 902 adstrinxerunt
1190 837 1327 921 legibue,
1350 859 1427 920 (liras
1449 837 1666 902 Lachmaunns
1688 839 1727 902 ad
1751 838 1949 924 Propertium
1972 863 2045 926 pag.

210 949 251 1010 23
275 967 395 1010 summo
418 941 561 1008 acumine-
588 941 707 1025 primus
730 938 917 1005 observavit.
963 937 997 1005 lu
1022 959 1111 1002 versu
1134 947 1240 1003 auteur
1260 938 1314 1002 illo
1345 938 1537 1015 Catulliana,
1566 961 1659 1021 quern
1687 941 1779 1005 ruodo
1809 939 1918 1015 attuli,
1944 941 1977 1004 id
2001 949 2047 1005 est

211 1046 407 1111 {resonantiae
427 1065 542 1128 genus,
565 1043 649 1124 quod
672 1041 814 1106 Catullus
836 1039 963 1124 quinem
985 1047 1016 1104 et
1039 1039 1093 1122 qni
1115 1039 1361 1125 negligentiores
1385 1047 1474 1104 erant
1503 1047 1615 1125 poetae
1641 1041 1828 1125 permissum
1857 1049 2050 1124 putaverunt

212 1185 253 1194 —-
275 1153 375 1212 exstat
397 1144 479 1210 enirn
501 1145 585 1227 apud
608 1166 680 1207 eum
701 1149 828 1226 praeter
851 1141 928 1204 illud
950 1143 1128 1225 exemplum
1155 1142 1249 1206 etima
1278 1141 1352 1209 huc:
1382 1141 1516 1224 pristina
1543 1147 1617 1207 vota
1647 1163 1727 1206 novo
1758 1165 1886 1207 munere
1914 1145 2049 1208 dissoluo

203 1243 309 1331 'mxv
313 1247 326 1309 Ι
334 1296 341 1324 ,
364 1249 417 1329 38)
443 1285 481 1296 -
505 1245 647 1309 Tibullus
670 1253 791 1318 tamen,
814 1247 925 1328 utpote
948 1242 1002 1326 qui
1024 1243 1251 1328 elegantissime
1273 1265 1378 1306 versus
1401 1251 1615 1327 componeret,
1639 1243 1729 1307 anxie
1751 1244 1845 1328 fugit.
1873 1284 1911 1294 -
1934 1245 1994 1310 Sed
2011 1246 2050 1309 ab

211 1349 258 1413 his
279 1347 421 1413 minutiis
444 1359 639 1412 transeamus
661 1346 701 1410 ad
723 1344 878 1430 graviora.
924 1345 1028 1428 Atque
1049 1344 1186 1429 primum
1208 1344 1334 1425 quidem
1363 1343 1575 1408 elisionum
1599 1344 1771 1408 multitudo
1794 1345 1826 1408 iu
1850 1345 1967 1410 Catulli
1989 1347 2050 1410 elc-

211 1451 271 1537 giis
293 1456 382 1515 tanta
405 1453 468 1524 est,
490 1455 527 1511 ut
548 1447 613 1510 fere
635 1445 769 1530 suspicio
793 1447 935 1522 exsistat,
957 1469 1027 1510 enm
1051 1469 1112 1509 non
1136 1451 1200 1508 tam
1222 1444 1395 1526 nequivisse
1411 1467 1504 1527 quam
1528 1446 1663 1510 uoluisse
1685 1469 1734 1511 eas
1757 1447 1865 1512 vitare.
1910 1446 1953 1512 Et
1978 1470 2051 1532 pro-

211 1540 293 1616 fecto
317 1571 387 1614 erim
405 1557 530 1626 ,veteres
553 1555 681 1631 poetae,
703 1547 834 1611 Plautus
856 1547 1007 1632 imprimis
1031 1555 1062 1610 et
1076 1545 1240 1610 Terentius
1262 1547 1401 1611 noudum
1422 1549 1551 1611 sensisse
1566 1547 1748 1622 videantur,
1771 1570 1974 1613 numerorum
1996 1551 2053 1613 du-

212 1654 319 1717 ritiam
341 1652 402 1715 illis
424 1649 545 1720 afferri,
568 1649 723 1724 Catullus,
745 1671 838 1733 quem
860 1648 966 1712 multis
987 1671 1023 1712 ex
1045 1649 1187 1733 pertibus
1210 1649 1249 1712 ab
1265 1648 1391 1712 illorum
1414 1654 1517 1713 aetate
1536 1649 1667 1734 propius
1689 1649 1794 1713 abesse
1810 1650 1943 1714 vidimus
1960 1673 2053 1734 quam

215 1755 254 1818 ab
276 1761 381 1818 aetate
410 1775 490 1834 qum
512 1750 688 1836 appellatur
716 1773 823 1825 arrrea,
858 1751 969 1815 iuliae
992 1749 1299 1832 quoquererudius
1333 1750 1549 1836 agrestiusque
1571 1751 1694 1814 aurium
1717 1751 1866 1814 indicium
1900 1773 1970 1816 curu
1993 1753 2053 1816 illis

214 1854 455 1918 communicasse
484 1852 642 1935 putandus
665 1859 720 1915 est.
766 1851 847 1917 Sunt
875 1857 996 1924 autem,
1025 1857 1061 1914 ut
1088 1851 1212 1936 singula
1238 1873 1422 1936 persequar,
1458 1853 1581 1916 diversa
1609 1851 1743 1916 elisiouis
1765 1875 1892 1937 genera.
1937 1856 2054 1930 (luam-

215 1977 309 2038 quam
331 1955 412 2018 anun
434 1975 502 2018 eam
530 1954 563 2017 iu
585 1953 694 2036 quovis
724 1953 875 2017 vocabulo
904 1953 1006 2017 locum
1030 1953 1145 2017 habere
1167 1975 1256 2038 posse
1278 1961 1416 2030 constat,
1449 1961 1554 2017 tamen
1576 1975 1639 2016 non
1666 1953 1699 2017 in
1723 1955 1864 2018 omnibus
1899 1955 1968 2038 pari
1990 1955 2052 2019 fre-

216 2059 345 2140 quentia
376 2055 509 2120 admissa
536 2063 592 2120 est.
636 2055 678 2118 Et
700 2056 731 2118 in
761 2055 947 2121 iambicis
979 2055 1141 2118 vuurrbulis
1164 2054 1312 2118 elidendis
1336 2057 1476 2119 omnium
1507 2056 1641 2119 niarium
1664 2054 1788 2118 videtur
1820 2056 1913 2120 fuisse
1935 2059 2050 2120 astutio.

217 2157 297 2220 Nam
319 2179 391 2220 cum
412 2157 571 2233 Tibullus,
594 2158 620 2221 si
642 2157 778 2242 excipias
801 2179 853 2222 eos
874 2157 973 2232 locos,
996 2155 1049 2219 ubi
1069 2157 1101 2218 in
1122 2163 1392 2240 pentaruetrornm
1414 2157 1501 2220 exitu
1517 2155 1554 2238 (I,
1577 2157 1605 2232 4,
1628 2157 1661 2230 4;
1689 2161 1734 2232 ltl,
1757 2159 1791 2248 45
1815 2157 1855 2231 ΙΙ,
1877 2163 1906 2233 6,
1932 2161 1978 2228 10,
1994 2159 2052 2232 44;
2087 2143 2090 2149 ¹

215 2257 273 2335 IV,
295 2261 324 2330 4,
351 2261 401 2342 19)
424 2260 581 2340 semelque
603 2259 635 2322 iu
658 2260 759 2322 medio
782 2259 962 2323 hexametro
985 2256 1053 2340 (IV,
1076 2259 1105 2328 4,
1128 2259 1160 2340 7)
1183 2279 1255 2321 cum
1275 2258 1416 2322 iambicis
1439 2256 1552 2322 collisit
1573 2258 1705 2321 verbnm
1727 2265 1799 2334 est,
1822 2259 1855 2322 in
1877 2281 1938 2341 quo
1961 2259 2051 2322 dubi-

217 2361 277 2424 teri
300 2360 423 2424 videtur
447 2381 509 2423 uon
536 2381 641 2443 posse,
671 2359 746 2441 quin
769 2383 785 2424 e
805 2360 897 2424 litera
917 2382 1083 2444 suppressa
1104 2359 1199 2422 fuerit
1220 2359 1266 2424 ita
1288 2367 1323 2424 ut
1346 2381 1416 2422 cum
1438 2360 1641 2424 antecedente
1669 2359 1701 2422 in
1730 2381 1826 2422 uuum
1854 2360 2048 2430 coalesceret,

215 2460 263 2524 his
285 2461 386 2544 igitur
407 2461 544 2542 exeeptis
566 2461 606 2524 ab
628 2483 665 2524 ea
687 2461 813 2525 elisione
836 2462 961 2525 omnino
984 2461 1150 2532 abstinuit,
1178 2462 1227 2524 vel
1248 2461 1314 2546 ipse
1337 2461 1475 2525 Catullus
1498 2461 1530 2524 in
1553 2461 1660 2544 elegiis
1683 2460 1710 2523 ei
1733 2460 1780 2524 bis
1802 2468 1926 2524 tentum
1949 2462 2052 2526 locum

217 2561 382 2625 concessit:
405 2559 522 2637 LXVI,
545 2563 585 2624 27
608 2585 706 2638 „anne
728 2562 870 2626 bonum
898 2562 1024 2625 oblita
1047 2573 1095 2626 es“
1118 2569 1150 2626 et
1171 2561 1322 2638 LXVIII,
1344 2566 1385 2628 90
1408 2563 1519 2640 „Troia
1541 2561 1667 2625 virum
1689 2567 1758 2636 et‘,
1781 2569 1813 2626 et
1836 2584 1904 2626 enm
1927 2561 2051 2626 Tibullo

217 2661 255 2743 (Ι,
277 2665 306 2736 5,
328 2665 368 2725 53
391 2669 441 2738 „et
462 2655 587 2726 tanturn
608 2671 754 2728 venerata
778 2663 915 2730 virum.
936 2663 1036 2727 hunc
1057 2664 1163 2727 sedula
1185 2669 1286 2745 curet)
1314 2664 1438 2728 hiatum
1458 2664 1578 2728 elisioni
1600 2663 1750 2748 praetulit
1773 2663 1883 2739 LXVI,
1909 2667 1955 2741 ll¹
1970 2688 2050 2748 „qua

216 2785 272 2826 rex
296 2770 482 2848 tempestate
504 2786 603 2828 novo
627 2771 766 2829 auctus
789 2765 988 2848 hymenaeo&
1033 2763 1144 2846 Neque
1165 2788 1239 2829 vero
1261 2766 1286 2829 is
1310 2773 1375 2829 tam
1408 2770 1516 2830 cautus
1538 2765 1598 2830 fuit
1620 2767 1653 2828 iu
1681 2765 1793 2828 ceteris
1816 2766 1974 2828 vocabulis
1997 2765 2052 2828 eli-

217 2865 335 2930 dendis.
380 2865 421 2930 Et
443 2865 611 2950 spondaica
634 2866 758 2948 quidem
780 2867 811 2930 in
834 2867 915 2930 thesi
937 2868 986 2929 vel
1007 2866 1039 2930 in
1063 2867 1149 2930 brevi
1172 2866 1292 2949 syllaba
1314 2865 1388 2930 elisa
1409 2867 1612 2932 inveniuntur
1627 2867 1717 2930 haec:
1740 2865 1834 2940 LXV,
1858 2868 2052 2948 Suuuquam

216 2987 292 3050 ego,
313 2965 425 3042 LXVI,
447 2969 487 3032 36
511 2976 636 3050 captam
659 2968 779 3039 Asiam,
803 2967 920 3044 LXVI,
944 2969 983 3030 77
1006 2967 1132 3050 quicum
1154 2990 1227 3053 ego,
1249 2967 1385 3043 LXVII,
1410 2973 1447 3034 19
1470 2968 1607 3054 primunr
1628 2967 1741 3052 igitur,
1762 2967 1898 3044 LXVII,
1920 2969 1961 3032 40
1984 2974 2055 3033 tan-

215 3073 283 3132 tum
306 3068 444 3154 upe1·ire;
467 3075 535 3131 turn
557 3069 673 3134 cretica
694 3071 788 3135 haee:
810 3069 924 3142 LXVI,
945 3071 986 3132 27
1009 3071 1130 3154 regium
1153 3071 1285 3155 adepta,
1309 3071 1364 3147 43,
1386 3070 1557 3134 maximum
1579 3071 1610 3132 in
1633 3070 1723 3146 orbe,
1745 3067 1881 3144 LXVII,
1915 3071 1953 3132 31
1978 3091 2053 3154 eog-

216 3169 317 3232 uiturn
340 3169 469 3246 habere,
491 3169 642 3247 LXVIII,
665 3175 684 3235 3
708 3172 894 3256 naufragum
916 3177 966 3242 ut,
989 3172 1021 3245 4,
1051 3171 1209 3235 sublevem
1232 3179 1278 3247 et;
1301 3195 1380 3254 quac
1409 3180 1513 3236 tamen
1536 3172 1640 3235 onmia
1663 3170 1891 3252 quodammodo
1916 3169 2053 3234 excusari

215 3277 346 3352 possrrnt
368 3270 496 3335 levitate
520 3271 628 3336 literae
649 3295 696 3346 ιιι,
719 3296 813 3355 quae,
837 3273 1099 3355 quemadmodum
1121 3273 1165 3337 ait
1187 3273 1397 3350 Quintilianus
1419 3273 1480 3349 IX,
1503 3275 1532 3348 4,
1556 3276 1603 3347 10,
1626 3279 1699 3340 ante
1721 3292 1827 3334 vocem
1850 3294 1868 3336 a
1893 3271 1991 3335 vocali
2008 3271 2055 3335 iu-

216 3370 383 3452 cipientem
406 3372 592 3437 obscuratur
614 3380 646 3437 et
669 3381 789 3438 tautum
813 3375 918 3456 aliqua
940 3375 1022 3438 inter
1044 3361 1261 3439 duas'vocales
1284 3383 1359 3438 nota
1382 3381 1443 3450 est,
1471 3398 1509 3438 ne
1531 3374 1616 3458 ipsae
1638 3380 1782 3447 codautd·
1812 3371 1924 3436 vitiosa
1946 3379 2052 3436 autem

217 3479 290 3533 sunt
312 3471 402 3534 haec:
425 3472 569 3550 LXVIII,
590 3477 631 3540 40
655 3477 738 3540 ultro
761 3499 819 3562 ego
843 3483 874 3540 et
897 3474 1012 3550 LXVI,
1035 3479 1075 3539 59
1099 3476 1188 3540 ardui
1210 3462 1264 3543 ibi.
1310 3477 1413 3542 Pauca
1435 3476 1585 3540 eiusmodi
1608 3498 1687 3559 quae
1711 3475 1743 3538 iu
1772 3474 1888 3537 Tibulli
1911 3474 2057 3538 carmini-

219 3571 274 3634 bus
297 3571 446 3655 leguntur
468 3575 586 3658 aliquid
609 3580 816 3642 excusationis
838 3578 956 3642 habeut
979 3583 1010 3641 et
1044 3575 1170 3660 quidem
1191 3577 1267 3641 illud
1291 3579 1372 3652 „vidi
1395 3585 1472 3664 ego“
1493 3578 1531 3658 (Ι,
1554 3581 1582 3643 2.
1606 3581 1671 3659 89),
1704 3577 1778 3660 quia
1800 3576 1935 3639 formula
1958 3599 2054 3657 quae-

216 3673 287 3736 dam
311 3680 373 3748 est,
396 3675 528 3736 alterum
550 3678 612 3750 „illi
635 3680 746 3744 etiam“
769 3680 824 3760 (ΙΙ,
850 3683 875 3755 l,
897 3682 951 3762 41)
975 3678 1048 3762 quia
1064 3681 1250 3743 vocabulum
1272 3681 1391 3744 etiam
1412 3681 1504 3744 litera
1525 3681 1535 3742 i
1557 3679 1724 3764 pinguiore
1745 3679 1829 3743 facta
1845 3677 1934 3740 facilc
1958 3677 2054 3758 bisyl-

215 3774 321 3839 labruu
344 3773 411 3836 lieri
434 3777 555 3856 potuit,
579 3801 641 3860 qua
663 3781 730 3864 ipsa
750 3783 872 3846 ratione
894 3787 1057 3866 puetarum
1079 3781 1269 3844 Graecumue
1291 3781 1479 3864 Αἰγύπτιος,
1510 3781 1564 3844 ubi
1586 3780 1745 3844 invenitur
1765 3780 1798 3844 iu
1821 3778 1957 3843 numeris
1980 3778 2053 3843 dac-

214 3875 318 3958 tylicis
341 3875 431 3938 facile
454 3877 602 3960 explicari
625 3889 739 3962 potest,
761 3883 819 3947 nisi
841 3883 994 3968 positione
1016 3883 1160 3966 neglecta
1182 3883 1420 3965 tetrasyllabum
1435 3884 1538 3966 legere
1559 3883 1721 3946 malumus.
1766 3880 2053 3962 Moausvllaborunr

217 3977 348 4058 denique
371 3977 499 4061 longam
523 3981 660 4044 vocalem
681 3983 714 4046 in
737 3985 822 4048 brevi
845 3985 964 4067 syllaba
987 3985 1100 4048 elidere
1117 3984 1256 4048 Catullus
1272 3985 1365 4048 semel
1388 3985 1447 4048 sibi
1469 3983 1624 4067 permisit:
1648 3981 1759 4058 LXVI,
1781 3985 1821 4046 25
1846 3992 1896 4057 „at
1919 3989 1956 4044 te
1979 4003 2052 4064 ego

218 4085 318 4140 certe“
341 4087 373 4141 et
395 4078 441 4141 bis
464 4101 527 4142 non
550 4087 615 4144 tam
637 4083 748 4148 vitiose
775 4087 988 4168 monosyllaba
1022 4085 1055 4148 iu
1076 4087 1199 4149 literam
1221 4109 1253 4148 m
1274 4086 1419 4150 exeuntia
1440 4085 1590 4162 LXVIII,
1613 4087 1653 4148 37
1675 4086 1778 4167 „quod
1800 4105 1882 4146 curu
1913 4085 1970 4146 ita
1992 4082 2051 4146 sie

218 4183 250 4241 et
272 4200 300 4240 v.
324 4179 362 4241 87
385 4203 457 4244 nam
478 4187 572 4245 tum·
597 4181 799 4264 Helenae“,
822 4209 975 4270 nusquam
997 4187 1147 4250 Tibullus.
1192 4185 1301 4270 Neque
1323 4189 1425 4251 minus
1454 4187 1545 4252 anxie
1577 4186 1626 4249 hic
1648 4186 1806 4250 elisionem
1829 4183 1921 4248 certis
1943 4206 2050 4247 versu-

219 4301 270 4343 um
294 4279 416 4342 sedibus
438 4285 603 4349 continuit.
649 4285 729 4362 Quia
751 4289 847 4364 cuim,
877 4297 912 4352 ut
937 4289 968 4351 L.
992 4289 1140 4352 Miillerus
1163 4287 1281 4371 optime
1303 4289 1447 4370 exposuit
1468 4289 1500 4351 in
1523 4297 1638 4372 quarto
1661 4287 1764 4372 eapite
1786 4286 1873 4358 libri,
1896 4307 1989 4368 quern
2012 4286 2049 4348 de

216 4404 250 4444 re
272 4380 403 4444 metrica
424 4383 561 4466 scripsit,
582 4387 730 4471 simplicis
752 4389 859 4454 iudicii
882 4391 1038 4475 elegantia
1065 4391 1210 4452 iubeatur
1231 4389 1271 4452 ab
1294 4410 1330 4452 ea
1353 4389 1502 4454 abstineri
1525 4390 1609 4454 etin
1633 4388 1669 4452 iis
1693 4387 1836 4462 vocibus,
1859 4409 1935 4469 quas
1957 4388 2050 4449 metri

216 4505 310 4548 creusa
331 4489 477 4565 oporteat
497 4485 628 4552 discerni
650 4495 682 4553 et
702 4491 882 4576 ubieunque
898 4493 996 4556 veloci
1019 4499 1050 4556 et
1073 4489 1216 4574 expedito
1238 4511 1315 4573 opus
1337 4490 1379 4554 sit
1401 4514 1539 4569 numeru,
1561 4490 1703 4556 Tibullus
1725 4510 1862 4554 summae
1878 4487 2051 4571 elegantiae

216 4583 372 4649 studiosus
395 4582 427 4646 iu
451 4605 576 4652 caesura
597 4611 771 4674 nunquam,
794 4616 887 4677 parce
910 4593 993 4658 clrca
1013 4594 1089 4657 lines
1112 4614 1258 4657 versuum
1281 4615 1347 4656 earn
1370 4595 1496 4658 admisit
1519 4593 1697 4678 etquidem
1719 4592 1751 4654 in
1773 4588 1883 4671 quinto
1906 4589 2050 4652 hexame-

216 4688 257 4750 tri
281 4686 360 4770 pede
382 4685 478 4749 octies
501 4687 539 4768 (Ι,
561 4691 590 4766 5,
612 4693 661 4765 39,
684 4695 741 4768 57;
764 4699 792 4772 6,
816 4697 869 4770 35;
892 4697 921 4770 9,
944 4697 994 4772 53,
1018 4696 1072 4768 77;
1095 4694 1136 4770 ΙΙ,
1159 4695 1188 4772 4,
1214 4695 1260 4771 17,
1283 4698 1337 4770 53;
1362 4695 1416 4772 IV,
1439 4699 1467 4774 2,
1492 4697 1555 4778 23),
1578 4715 1739 4775 nunquam
1760 4691 1793 4753 iu
1815 4694 1917 4764 sexto,
1940 4711 2051 4774 excep-

215 4789 255 4852 tis
278 4789 426 4852 nimIrnm
449 4790 488 4851 iis
511 4789 601 4866 locis,
623 4792 677 4854 ubi
706 4797 835 4860 verbum
858 4805 916 4861 est
943 4819 1014 4862 eum
1042 4797 1193 4861 vocabulo
1227 4798 1430 4862 antecedente
1452 4819 1515 4860 non
1548 4805 1612 4861 tram
1636 4793 1795 4858 elisionem
1828 4791 1924 4854 efficit
1957 4813 2050 4872 quam

217 4891 366 4955 coalescit
387 4896 424 4953 ut
446 4911 540 4976 supra
562 4891 710 4968 vidimus;
737 4895 770 4960 in
792 4897 902 4962 ultimo
924 4899 1113 4982 pentametri
1134 4901 1213 4984 pede
1235 4899 1329 4963 semel
1353 4899 1397 4976 ΙΙ,
1420 4900 1448 4970 4,
1471 4899 1511 4961 58
1535 4899 1573 4961 ab
1603 4893 1731 4980 inguine
1757 4915 1864 4975 equae.
1909 4891 2049 4958 Catullus

216 4997 320 5056 autern
342 4994 374 5054 in
396 4992 575 5058 elisionibus
597 4995 723 5077 quidem
745 4997 827 5064 circa
848 5001 924 5064 fines
946 5023 1090 5066 versuum
1106 5001 1307 5065 admittendis
1329 5022 1392 5064 non
1412 5002 1514 5063 minus
1538 5004 1646 5062 cerritus
1663 5017 1757 5078 quam
1779 4995 1831 5058 ille
1854 5001 1959 5059 tamen
1982 5017 2052 5058 eae-

217 5113 321 5156 suram
343 5095 512 5179 depravare
535 5118 597 5160 nou
621 5099 738 5162 veritus
766 5107 812 5165 est
840 5102 1019 5185 quinquies:
1053 5100 1178 5178 LXVII,
1206 5103 1247 5164 44
1276 5109 1416 5185 speraret
1438 5122 1494 5165 nec
1517 5099 1655 5184 linguam
1690 5120 1754 5161 esse
1776 5119 1832 5160 uec
1867 5097 2047 5170 auriculam

214 5202 378 5279 praeterea
400 5195 542 5274 LXVIII,
568 5199 614 5275 10,
637 5203 687 5276 56,
708 5203 757 5279 82,
780 5204 831 5268 90.
876 5203 924 5268 Ne
955 5207 988 5268 in
1010 5203 1111 5288 prima
1139 5205 1264 5285 quidem
1295 5205 1356 5267 arsi
1379 5203 1538 5266 elisionem
1571 5201 1650 5264 benc
1682 5200 1785 5263 lucum
1807 5199 1922 5263 habere
1959 5219 2051 5281 posse

1831 5301 1848 5352 4
