<?xml version="1.0" encoding="UTF-8"?>
<!DOCTYPE html PUBLIC "-//W3C//DTD XHTML 1.0 Transitional//EN"
    "http://www.w3.org/TR/xhtml1/DTD/xhtml1-transitional.dtd">
<html xmlns="http://www.w3.org/1999/xhtml" xml:lang="en" lang="en">
 <head>
  <title>
</title>
<meta http-equiv="Content-Type" content="text/html;charset=utf-8" />
  <meta name='ocr-system' content='tesseract 3.04.00' />
  <meta name='ocr-capabilities' content='ocr_page ocr_carea ocr_par ocr_line ocrx_word'/>
</head>
<body>
  <div class='ocr_page' id='page_1' title='image "./tibullusquantum00linkgoog_0013.png"; bbox 0 0 4726 5954; ppageno 0'>
   <div class='ocr_carea' id='block_1_1' title="bbox 239 439 2146 5300">
    <p class='ocr_par' dir='ltr' id='par_1_1' title="bbox 1149 439 1172 504">
     <span class='ocr_line' id='line_1_1' title="bbox 1149 439 1172 504; baseline 0 0"><span class='ocrx_word' id='word_1_1' title='bbox 1149 439 1172 504; x_wconf 78' lang='lat'>6</span> 
     </span>
    </p>

    <p class='ocr_par' dir='ltr' id='par_1_2' title="bbox 239 643 2121 4180">
     <span class='ocr_line' id='line_1_2' title="bbox 239 643 2078 729; baseline 0.001 -17"><span class='ocrx_word' id='word_1_2' title='bbox 239 669 310 712; x_wconf 89' lang='lat' dir='ltr'><strong>cum</strong></span> <span class='ocrx_word' id='word_1_3' title='bbox 331 645 400 729; x_wconf 91' lang='lat' dir='ltr'><strong>ipso</strong></span> <span class='ocrx_word' id='word_1_4' title='bbox 421 665 563 709; x_wconf 82' lang='lat' dir='ltr'><strong>sermone</strong></span> <span class='ocrx_word' id='word_1_5' title='bbox 584 649 659 709; x_wconf 89' lang='lat' dir='ltr'><strong>nata</strong></span> <span class='ocrx_word' id='word_1_6' title='bbox 680 665 781 727; x_wconf 91' lang='lat' dir='ltr'><strong>neque</strong></span> <span class='ocrx_word' id='word_1_7' title='bbox 803 643 1047 728; x_wconf 84' lang='lat' dir='ltr'><strong>ascriptoribus</strong></span> <span class='ocrx_word' id='word_1_8' title='bbox 1070 645 1197 710; x_wconf 80' lang='lat' dir='ltr'><strong>inventa</strong></span> <span class='ocrx_word' id='word_1_9' title='bbox 1218 658 1286 710; x_wconf 87' lang='lat' dir='ltr'><strong>esse</strong></span> <span class='ocrx_word' id='word_1_10' title='bbox 1306 643 1465 722; x_wconf 88' lang='lat' dir='ltr'><strong>videatur,</strong></span> <span class='ocrx_word' id='word_1_11' title='bbox 1488 665 1551 708; x_wconf 95' lang='lat' dir='ltr'><strong>non</strong></span> <span class='ocrx_word' id='word_1_12' title='bbox 1579 667 1706 729; x_wconf 88' lang='lat' dir='ltr'><strong>prorsus</strong></span> <span class='ocrx_word' id='word_1_13' title='bbox 1737 645 1862 729; x_wconf 90' lang='lat' dir='ltr'><strong>quidem</strong></span> <span class='ocrx_word' id='word_1_14' title='bbox 1884 645 1996 712; x_wconf 84' lang='lat' dir='ltr'><strong>vitavit</strong></span> <span class='ocrx_word' id='word_1_15' title='bbox 2024 649 2078 712; x_wconf 85' lang='lat' dir='ltr'><strong>sed</strong></span> 
     </span>
     <span class='ocr_line' id='line_1_3' title="bbox 239 743 2078 832; baseline 0.001 -19"><span class='ocrx_word' id='word_1_16' title='bbox 239 748 280 813; x_wconf 88' lang='lat' dir='ltr'><strong>ad</strong></span> <span class='ocrx_word' id='word_1_17' title='bbox 300 745 457 811; x_wconf 89' lang='lat' dir='ltr'><strong>modicum</strong></span> <span class='ocrx_word' id='word_1_18' title='bbox 478 767 569 810; x_wconf 89' lang='lat' dir='ltr'><strong>usum</strong></span> <span class='ocrx_word' id='word_1_19' title='bbox 589 744 738 830; x_wconf 81' lang='lat' dir='ltr'><strong>repressit</strong></span> <span class='ocrx_word' id='word_1_20' title='bbox 760 751 792 809; x_wconf 90' lang='lat' dir='ltr'><strong>et</strong></span> <span class='ocrx_word' id='word_1_21' title='bbox 814 743 999 810; x_wconf 74' lang='lat' dir='ltr'><strong>certioribus</strong></span> <span class='ocrx_word' id='word_1_22' title='bbox 1020 745 1211 831; x_wconf 73' lang='lat' dir='ltr'><strong>adscriptam</strong></span> <span class='ocrx_word' id='word_1_23' title='bbox 1237 745 1467 811; x_wconf 90' lang='lat' dir='ltr'><strong>conditionibus</strong></span> <span class='ocrx_word' id='word_1_24' title='bbox 1488 745 1653 832; x_wconf 71' lang='lat' dir='ltr'><strong>usmpavit</strong></span> <span class='ocrx_word' id='word_1_25' title='bbox 1674 747 1724 810; x_wconf 84' lang='lat' dir='ltr'><strong>vel</strong></span> <span class='ocrx_word' id='word_1_26' title='bbox 1745 746 1873 812; x_wconf 90' lang='lat' dir='ltr'><strong>ludendi</strong></span> <span class='ocrx_word' id='word_1_27' title='bbox 1895 748 2078 814; x_wconf 83' lang='lat' dir='ltr'><strong>eludendive</strong></span> 
     </span>
     <span class='ocr_line' id='line_1_4' title="bbox 240 845 2079 933; baseline 0.001 -19"><span class='ocrx_word' id='word_1_28' title='bbox 240 869 347 924; x_wconf 87' lang='lat' dir='ltr'><strong>causa,</strong></span> <span class='ocrx_word' id='word_1_29' title='bbox 370 847 455 929; x_wconf 91' lang='lat' dir='ltr'><strong>qnod</strong></span> <span class='ocrx_word' id='word_1_30' title='bbox 475 848 513 912; x_wconf 87' lang='lat' dir='ltr'><strong>fit</strong></span> <span class='ocrx_word' id='word_1_31' title='bbox 534 846 566 910; x_wconf 90' lang='lat' dir='ltr'><strong>in</strong></span> <span class='ocrx_word' id='word_1_32' title='bbox 589 846 726 912; x_wconf 82' lang='lat' dir='ltr'><strong>carmine</strong></span> <span class='ocrx_word' id='word_1_33' title='bbox 748 845 854 922; x_wconf 82' lang='lat' dir='ltr'><strong>XXV,</strong></span> <span class='ocrx_word' id='word_1_34' title='bbox 882 845 932 910; x_wconf 84' lang='lat' dir='ltr'><strong>vel</strong></span> <span class='ocrx_word' id='word_1_35' title='bbox 953 845 1008 909; x_wconf 92' lang='lat' dir='ltr'><strong>ubi</strong></span> <span class='ocrx_word' id='word_1_36' title='bbox 1029 848 1172 912; x_wconf 88' lang='lat' dir='ltr'><strong>consulto</strong></span> <span class='ocrx_word' id='word_1_37' title='bbox 1199 845 1365 912; x_wconf 76' lang='lat' dir='ltr'><strong>vetustatis</strong></span> <span class='ocrx_word' id='word_1_38' title='bbox 1398 847 1534 912; x_wconf 87' lang='lat' dir='ltr'><strong>colorem</strong></span> <span class='ocrx_word' id='word_1_39' title='bbox 1566 847 1717 933; x_wconf 87' lang='lat' dir='ltr'><strong>effingere</strong></span> <span class='ocrx_word' id='word_1_40' title='bbox 1745 849 1907 926; x_wconf 78' lang='lat' dir='ltr'><strong>studebat,</strong></span> <span class='ocrx_word' id='word_1_41' title='bbox 1940 851 2079 915; x_wconf 84' lang='lat' dir='ltr'><strong>velutin</strong></span> 
     </span>
     <span class='ocr_line' id='line_1_5' title="bbox 240 946 2080 1033; baseline 0.003 -20"><span class='ocrx_word' id='word_1_42' title='bbox 240 947 376 1014; x_wconf 80' lang='lat' dir='ltr'><strong>carmine</strong></span> <span class='ocrx_word' id='word_1_43' title='bbox 396 946 513 1013; x_wconf 84' lang='lat' dir='ltr'><strong>LXIII.</strong></span> <span class='ocrx_word' id='word_1_44' title='bbox 557 947 674 1012; x_wconf 77' lang='lat' dir='ltr'><strong>Contra</strong></span> <span class='ocrx_word' id='word_1_45' title='bbox 694 971 732 1013; x_wconf 90' lang='lat' dir='ltr'><strong>ex</strong></span> <span class='ocrx_word' id='word_1_46' title='bbox 753 947 917 1013; x_wconf 88' lang='lat' dir='ltr'><strong>elisionum</strong></span> <span class='ocrx_word' id='word_1_47' title='bbox 938 948 987 1013; x_wconf 85' lang='lat' dir='ltr'><strong>vel</strong></span> <span class='ocrx_word' id='word_1_48' title='bbox 1002 947 1108 1033; x_wconf 89' lang='lat' dir='ltr'><strong>potius</strong></span> <span class='ocrx_word' id='word_1_49' title='bbox 1129 948 1390 1032; x_wconf 83' lang='lat' dir='ltr'><strong>synaloepharum</strong></span> <span class='ocrx_word' id='word_1_50' title='bbox 1406 947 1608 1014; x_wconf 87' lang='lat' dir='ltr'><strong>multitudine</strong></span> <span class='ocrx_word' id='word_1_51' title='bbox 1630 956 1662 1014; x_wconf 91' lang='lat' dir='ltr'><strong>et</strong></span> <span class='ocrx_word' id='word_1_52' title='bbox 1684 946 1722 1016; x_wconf 86' lang='lat' dir='ltr'><strong>ex</strong></span> <span class='ocrx_word' id='word_1_53' title='bbox 1744 971 1857 1015; x_wconf 80' lang='lat' dir='ltr'><strong>vocum</strong></span> <span class='ocrx_word' id='word_1_54' title='bbox 1871 951 2080 1019; x_wconf 86' lang='lat' dir='ltr'><strong>deminutiva-</strong></span> 
     </span>
     <span class='ocr_line' id='line_1_6' title="bbox 240 1048 2077 1137; baseline 0.003 -23"><span class='ocrx_word' id='word_1_55' title='bbox 240 1072 310 1114; x_wconf 91' lang='lat' dir='ltr'><strong>rum</strong></span> <span class='ocrx_word' id='word_1_56' title='bbox 332 1056 365 1114; x_wconf 90' lang='lat' dir='ltr'><strong>et</strong></span> <span class='ocrx_word' id='word_1_57' title='bbox 386 1049 535 1115; x_wconf 89' lang='lat' dir='ltr'><strong>audacter</strong></span> <span class='ocrx_word' id='word_1_58' title='bbox 556 1049 786 1135; x_wconf 86' lang='lat' dir='ltr'><strong>duplicatemm</strong></span> <span class='ocrx_word' id='word_1_59' title='bbox 812 1071 870 1114; x_wconf 88' lang='lat' dir='ltr'><strong>usu</strong></span> <span class='ocrx_word' id='word_1_60' title='bbox 892 1050 985 1134; x_wconf 91' lang='lat' dir='ltr'><strong>plane</strong></span> <span class='ocrx_word' id='word_1_61' title='bbox 1013 1049 1214 1134; x_wconf 76' lang='lat' dir='ltr'><strong>perspicitur,</strong></span> <span class='ocrx_word' id='word_1_62' title='bbox 1241 1048 1400 1114; x_wconf 87' lang='lat' dir='ltr'><strong>Catullum</strong></span> <span class='ocrx_word' id='word_1_63' title='bbox 1426 1050 1623 1134; x_wconf 87' lang='lat' dir='ltr'><strong>antiquitatis</strong></span> <span class='ocrx_word' id='word_1_64' title='bbox 1650 1052 1788 1137; x_wconf 81' lang='lat' dir='ltr'><strong>rigorem</strong></span> <span class='ocrx_word' id='word_1_65' title='bbox 1821 1058 1853 1116; x_wconf 86' lang='lat' dir='ltr'><strong>ct</strong></span> <span class='ocrx_word' id='word_1_66' title='bbox 1874 1055 2077 1137; x_wconf 85' lang='lat' dir='ltr'><strong>asperitatem</strong></span> 
     </span>
     <span class='ocr_line' id='line_1_7' title="bbox 240 1151 2076 1240; baseline 0.004 -25"><span class='ocrx_word' id='word_1_67' title='bbox 240 1151 378 1216; x_wconf 89' lang='lat' dir='ltr'><strong>nondum</strong></span> <span class='ocrx_word' id='word_1_68' title='bbox 399 1169 527 1236; x_wconf 85' lang='lat' dir='ltr'><strong>prorsus</strong></span> <span class='ocrx_word' id='word_1_69' title='bbox 549 1151 677 1216; x_wconf 89' lang='lat' dir='ltr'><strong>exuisse.</strong></span> <span class='ocrx_word' id='word_1_70' title='bbox 721 1152 917 1234; x_wconf 83' lang='lat' dir='ltr'><strong>Quamquam</strong></span> <span class='ocrx_word' id='word_1_71' title='bbox 938 1152 987 1216; x_wconf 85' lang='lat' dir='ltr'><strong>vel</strong></span> <span class='ocrx_word' id='word_1_72' title='bbox 1013 1152 1046 1214; x_wconf 92' lang='lat' dir='ltr'><strong>in</strong></span> <span class='ocrx_word' id='word_1_73' title='bbox 1069 1151 1127 1215; x_wconf 82' lang='lat' dir='ltr'><strong>hac</strong></span> <span class='ocrx_word' id='word_1_74' title='bbox 1148 1151 1217 1236; x_wconf 83' lang='lat' dir='ltr'><strong>ipsa</strong></span> <span class='ocrx_word' id='word_1_75' title='bbox 1243 1173 1278 1215; x_wconf 89' lang='lat' dir='ltr'><strong>re</strong></span> <span class='ocrx_word' id='word_1_76' title='bbox 1298 1158 1426 1234; x_wconf 84' lang='lat' dir='ltr'><strong>poetam</strong></span> <span class='ocrx_word' id='word_1_77' title='bbox 1459 1151 1534 1234; x_wconf 90' lang='lat' dir='ltr'><strong>quid</strong></span> <span class='ocrx_word' id='word_1_78' title='bbox 1556 1153 1664 1218; x_wconf 91' lang='lat' dir='ltr'><strong>deceat</strong></span> <span class='ocrx_word' id='word_1_79' title='bbox 1685 1153 1749 1218; x_wconf 88' lang='lat' dir='ltr'><strong>iam</strong></span> <span class='ocrx_word' id='word_1_80' title='bbox 1781 1153 1909 1218; x_wconf 87' lang='lat' dir='ltr'><strong>sensisse</strong></span> <span class='ocrx_word' id='word_1_81' title='bbox 1931 1162 2076 1240; x_wconf 87' lang='lat' dir='ltr'><strong>apparet.</strong></span> 
     </span>
     <span class='ocr_line' id='line_1_8' title="bbox 239 1251 2112 1341; baseline 0.003 -25"><span class='ocrx_word' id='word_1_82' title='bbox 239 1251 363 1317; x_wconf 79' lang='lat' dir='ltr'><strong>Etenim</strong></span> <span class='ocrx_word' id='word_1_83' title='bbox 387 1274 457 1316; x_wconf 91' lang='lat' dir='ltr'><strong>cum</strong></span> <span class='ocrx_word' id='word_1_84' title='bbox 478 1253 510 1316; x_wconf 90' lang='lat' dir='ltr'><strong>in</strong></span> <span class='ocrx_word' id='word_1_85' title='bbox 533 1251 625 1338; x_wconf 90' lang='lat' dir='ltr'><strong>nugis</strong></span> <span class='ocrx_word' id='word_1_86' title='bbox 647 1251 721 1328; x_wconf 93' lang='lat' dir='ltr'><strong>illis,</strong></span> <span class='ocrx_word' id='word_1_87' title='bbox 743 1254 850 1335; x_wconf 89' lang='lat' dir='ltr'><strong>quales</strong></span> <span class='ocrx_word' id='word_1_88' title='bbox 872 1251 1010 1318; x_wconf 88' lang='lat' dir='ltr'><strong>carmina</strong></span> <span class='ocrx_word' id='word_1_89' title='bbox 1037 1251 1160 1317; x_wconf 90' lang='lat' dir='ltr'><strong>minora</strong></span> <span class='ocrx_word' id='word_1_90' title='bbox 1189 1252 1256 1336; x_wconf 88' lang='lat' dir='ltr'><strong>ipse</strong></span> <span class='ocrx_word' id='word_1_91' title='bbox 1282 1252 1434 1337; x_wconf 87' lang='lat' dir='ltr'><strong>appellat,</strong></span> <span class='ocrx_word' id='word_1_92' title='bbox 1462 1253 1661 1318; x_wconf 82' lang='lat' dir='ltr'><strong>deminutivis</strong></span> <span class='ocrx_word' id='word_1_93' title='bbox 1689 1253 1936 1341; x_wconf 83' lang='lat' dir='ltr'><strong>intemperanter</strong></span> <span class='ocrx_word' id='word_1_94' title='bbox 1964 1257 2079 1321; x_wconf 87' lang='lat' dir='ltr'><strong>abusus</strong></span> <span class='ocrx_word' id='word_1_95' title='bbox 2107 1297 2112 1322; x_wconf 62' lang='grc'><strong>1</strong></span> 
     </span>
     <span class='ocr_line' id='line_1_9' title="bbox 240 1352 2080 1442; baseline 0.002 -24"><span class='ocrx_word' id='word_1_96' title='bbox 240 1353 297 1429; x_wconf 88' lang='lat' dir='ltr'><strong>sit,</strong></span> <span class='ocrx_word' id='word_1_97' title='bbox 319 1353 353 1418; x_wconf 93' lang='lat' dir='ltr'><strong>in</strong></span> <span class='ocrx_word' id='word_1_98' title='bbox 374 1352 481 1438; x_wconf 91' lang='lat' dir='ltr'><strong>elegiis</strong></span> <span class='ocrx_word' id='word_1_99' title='bbox 509 1353 637 1418; x_wconf 89' lang='lat' dir='ltr'><strong>modum</strong></span> <span class='ocrx_word' id='word_1_100' title='bbox 666 1359 819 1436; x_wconf 90' lang='lat' dir='ltr'><strong>quantum</strong></span> <span class='ocrx_word' id='word_1_101' title='bbox 845 1359 972 1440; x_wconf 88' lang='lat' dir='ltr'><strong>poterat</strong></span> <span class='ocrx_word' id='word_1_102' title='bbox 999 1353 1152 1419; x_wconf 87' lang='lat' dir='ltr'><strong>adhibuit.</strong></span> <span class='ocrx_word' id='word_1_103' title='bbox 1197 1354 1283 1430; x_wconf 81' lang='lat' dir='ltr'><strong>Quae</strong></span> <span class='ocrx_word' id='word_1_104' title='bbox 1315 1353 1487 1418; x_wconf 85' lang='lat' dir='ltr'><strong>moderatio</strong></span> <span class='ocrx_word' id='word_1_105' title='bbox 1511 1377 1547 1419; x_wconf 93' lang='lat' dir='ltr'><strong>eo</strong></span> <span class='ocrx_word' id='word_1_106' title='bbox 1578 1357 1676 1442; x_wconf 87' lang='lat' dir='ltr'><strong>pluris</strong></span> <span class='ocrx_word' id='word_1_107' title='bbox 1698 1357 1890 1420; x_wconf 89' lang='lat' dir='ltr'><strong>aestimanda</strong></span> <span class='ocrx_word' id='word_1_108' title='bbox 1911 1363 1971 1434; x_wconf 85' lang='lat' dir='ltr'><strong>est,</strong></span> <span class='ocrx_word' id='word_1_109' title='bbox 2005 1359 2080 1441; x_wconf 90' lang='lat' dir='ltr'><strong>quia</strong></span> 
     </span>
     <span class='ocr_line' id='line_1_10' title="bbox 241 1453 2080 1543; baseline 0.004 -25"><span class='ocrx_word' id='word_1_110' title='bbox 241 1453 379 1540; x_wconf 87' lang='lat' dir='ltr'><strong>pertinet</strong></span> <span class='ocrx_word' id='word_1_111' title='bbox 400 1453 440 1518; x_wconf 90' lang='lat' dir='ltr'><strong>ad</strong></span> <span class='ocrx_word' id='word_1_112' title='bbox 462 1454 540 1518; x_wconf 86' lang='lat' dir='ltr'><strong>tales</strong></span> <span class='ocrx_word' id='word_1_113' title='bbox 562 1476 666 1532; x_wconf 83' lang='lat' dir='ltr'><strong>voces,</strong></span> <span class='ocrx_word' id='word_1_114' title='bbox 689 1477 783 1539; x_wconf 88' lang='lat' dir='ltr'><strong>qnae,</strong></span> <span class='ocrx_word' id='word_1_115' title='bbox 806 1478 877 1520; x_wconf 89' lang='lat' dir='ltr'><strong>eum</strong></span> <span class='ocrx_word' id='word_1_116' title='bbox 899 1454 1044 1521; x_wconf 81' lang='lat' dir='ltr'><strong>brevibus</strong></span> <span class='ocrx_word' id='word_1_117' title='bbox 1066 1455 1193 1538; x_wconf 85' lang='lat' dir='ltr'><strong>syllabis</strong></span> <span class='ocrx_word' id='word_1_118' title='bbox 1214 1454 1369 1540; x_wconf 87' lang='lat' dir='ltr'><strong>lingnam,</strong></span> <span class='ocrx_word' id='word_1_119' title='bbox 1397 1469 1511 1520; x_wconf 87' lang='lat' dir='ltr'><strong>natura</strong></span> <span class='ocrx_word' id='word_1_120' title='bbox 1538 1479 1594 1522; x_wconf 89' lang='lat' dir='ltr'><strong>sua</strong></span> <span class='ocrx_word' id='word_1_121' title='bbox 1621 1479 1764 1542; x_wconf 69' lang='lat' dir='ltr'><strong>gravem</strong></span> <span class='ocrx_word' id='word_1_122' title='bbox 1786 1459 1912 1522; x_wconf 91' lang='lat' dir='ltr'><strong>mollem</strong></span> <span class='ocrx_word' id='word_1_123' title='bbox 1934 1458 2080 1543; x_wconf 90' lang='lat' dir='ltr'><strong>liquidio-</strong></span> 
     </span>
     <span class='ocr_line' id='line_1_11' title="bbox 241 1555 2079 1642; baseline 0.003 -23"><span class='ocrx_word' id='word_1_124' title='bbox 241 1577 370 1639; x_wconf 88' lang='lat' dir='ltr'><strong>remque</strong></span> <span class='ocrx_word' id='word_1_125' title='bbox 391 1555 540 1632; x_wconf 88' lang='lat' dir='ltr'><strong>reddant,</strong></span> <span class='ocrx_word' id='word_1_126' title='bbox 562 1557 681 1642; x_wconf 91' lang='lat' dir='ltr'><strong>optime</strong></span> <span class='ocrx_word' id='word_1_127' title='bbox 700 1557 884 1642; x_wconf 86' lang='lat' dir='ltr'><strong>plerumque</strong></span> <span class='ocrx_word' id='word_1_128' title='bbox 907 1558 940 1622; x_wconf 92' lang='lat' dir='ltr'><strong>in</strong></span> <span class='ocrx_word' id='word_1_129' title='bbox 963 1557 1087 1622; x_wconf 88' lang='lat' dir='ltr'><strong>distichi</strong></span> <span class='ocrx_word' id='word_1_130' title='bbox 1109 1579 1254 1622; x_wconf 88' lang='lat' dir='ltr'><strong>numeros</strong></span> <span class='ocrx_word' id='word_1_131' title='bbox 1276 1558 1446 1640; x_wconf 87' lang='lat' dir='ltr'><strong>quadrant;</strong></span> <span class='ocrx_word' id='word_1_132' title='bbox 1469 1558 1582 1642; x_wconf 89' lang='lat' dir='ltr'><strong>quibus</strong></span> <span class='ocrx_word' id='word_1_133' title='bbox 1604 1580 1675 1622; x_wconf 91' lang='lat' dir='ltr'><strong>oum</strong></span> <span class='ocrx_word' id='word_1_134' title='bbox 1696 1559 1868 1624; x_wconf 89' lang='lat' dir='ltr'><strong>abstineret</strong></span> <span class='ocrx_word' id='word_1_135' title='bbox 1883 1560 1999 1625; x_wconf 89' lang='lat' dir='ltr'><strong>ademit</strong></span> <span class='ocrx_word' id='word_1_136' title='bbox 2019 1561 2079 1626; x_wconf 83' lang='lat' dir='ltr'><strong>sibi</strong></span> 
     </span>
     <span class='ocr_line' id='line_1_12' title="bbox 240 1655 2080 1746; baseline 0.004 -27"><span class='ocrx_word' id='word_1_137' title='bbox 240 1657 307 1743; x_wconf 90' lang='lat' dir='ltr'><strong>ipse</strong></span> <span class='ocrx_word' id='word_1_138' title='bbox 328 1655 434 1738; x_wconf 89' lang='lat' dir='ltr'><strong>aliqua</strong></span> <span class='ocrx_word' id='word_1_139' title='bbox 455 1679 493 1720; x_wconf 87' lang='lat' dir='ltr'><strong>ex</strong></span> <span class='ocrx_word' id='word_1_140' title='bbox 514 1663 605 1742; x_wconf 89' lang='lat' dir='ltr'><strong>parte</strong></span> <span class='ocrx_word' id='word_1_141' title='bbox 627 1658 809 1724; x_wconf 81' lang='lat' dir='ltr'><strong>facultatem</strong></span> <span class='ocrx_word' id='word_1_142' title='bbox 830 1681 977 1724; x_wconf 85' lang='lat' dir='ltr'><strong>versuum</strong></span> <span class='ocrx_word' id='word_1_143' title='bbox 998 1659 1118 1722; x_wconf 85' lang='lat' dir='ltr'><strong>facilius</strong></span> <span class='ocrx_word' id='word_1_144' title='bbox 1134 1659 1347 1726; x_wconf 88' lang='lat' dir='ltr'><strong>faciendorum</strong></span> <span class='ocrx_word' id='word_1_145' title='bbox 1369 1665 1401 1723; x_wconf 88' lang='lat' dir='ltr'><strong>et</strong></span> <span class='ocrx_word' id='word_1_146' title='bbox 1423 1660 1510 1723; x_wconf 89' lang='lat' dir='ltr'><strong>auxit</strong></span> <span class='ocrx_word' id='word_1_147' title='bbox 1525 1660 1753 1742; x_wconf 90' lang='lat' dir='ltr'><strong>quodammodo</strong></span> <span class='ocrx_word' id='word_1_148' title='bbox 1770 1659 1978 1740; x_wconf 89' lang='lat' dir='ltr'><strong>difficultates,</strong></span> <span class='ocrx_word' id='word_1_149' title='bbox 2001 1685 2080 1746; x_wconf 89' lang='lat' dir='ltr'><strong>quae</strong></span> 
     </span>
     <span class='ocr_line' id='line_1_13' title="bbox 241 1758 2082 1850; baseline 0.003 -27"><span class='ocrx_word' id='word_1_150' title='bbox 241 1758 317 1823; x_wconf 86' lang='lat' dir='ltr'><strong>satis</strong></span> <span class='ocrx_word' id='word_1_151' title='bbox 338 1779 494 1842; x_wconf 81' lang='lat' dir='ltr'><strong>superque</strong></span> <span class='ocrx_word' id='word_1_152' title='bbox 514 1759 589 1844; x_wconf 89' lang='lat' dir='ltr'><strong>ipsi,</strong></span> <span class='ocrx_word' id='word_1_153' title='bbox 612 1759 728 1846; x_wconf 91' lang='lat' dir='ltr'><strong>quippe</strong></span> <span class='ocrx_word' id='word_1_154' title='bbox 750 1761 851 1846; x_wconf 88' lang='lat' dir='ltr'><strong>primo</strong></span> <span class='ocrx_word' id='word_1_155' title='bbox 880 1760 1050 1845; x_wconf 83' lang='lat' dir='ltr'><strong>elegiarum</strong></span> <span class='ocrx_word' id='word_1_156' title='bbox 1071 1759 1225 1844; x_wconf 83' lang='lat' dir='ltr'><strong>scriptori,</strong></span> <span class='ocrx_word' id='word_1_157' title='bbox 1253 1783 1285 1824; x_wconf 90' lang='lat' dir='ltr'><strong>se</strong></span> <span class='ocrx_word' id='word_1_158' title='bbox 1314 1759 1506 1826; x_wconf 88' lang='lat' dir='ltr'><strong>obtulerunt.</strong></span> <span class='ocrx_word' id='word_1_159' title='bbox 1551 1760 1715 1826; x_wconf 88' lang='lat' dir='ltr'><strong>Distichou</strong></span> <span class='ocrx_word' id='word_1_160' title='bbox 1743 1763 1870 1846; x_wconf 89' lang='lat' dir='ltr'><strong>quidem</strong></span> <span class='ocrx_word' id='word_1_161' title='bbox 1897 1763 2001 1850; x_wconf 82' lang='lat' dir='ltr'><strong>ipsum</strong></span> <span class='ocrx_word' id='word_1_162' title='bbox 2023 1765 2082 1829; x_wconf 86' lang='lat' dir='ltr'><strong>Ca·</strong></span> 
     </span>
     <span class='ocr_line' id='line_1_14' title="bbox 243 1859 2079 1947; baseline 0.004 -25"><span class='ocrx_word' id='word_1_163' title='bbox 243 1859 338 1922; x_wconf 88' lang='lat' dir='ltr'><strong>tullus</strong></span> <span class='ocrx_word' id='word_1_164' title='bbox 358 1881 421 1923; x_wconf 89' lang='lat' dir='ltr'><strong>non</strong></span> <span class='ocrx_word' id='word_1_165' title='bbox 443 1859 561 1943; x_wconf 87' lang='lat' dir='ltr'><strong>primus</strong></span> <span class='ocrx_word' id='word_1_166' title='bbox 583 1860 616 1924; x_wconf 94' lang='lat' dir='ltr'><strong>in</strong></span> <span class='ocrx_word' id='word_1_167' title='bbox 638 1863 747 1947; x_wconf 88' lang='lat' dir='ltr'><strong>poesin</strong></span> <span class='ocrx_word' id='word_1_168' title='bbox 768 1863 913 1928; x_wconf 83' lang='lat' dir='ltr'><strong>Latinam</strong></span> <span class='ocrx_word' id='word_1_169' title='bbox 933 1861 1071 1937; x_wconf 83' lang='lat' dir='ltr'><strong>induxit,</strong></span> <span class='ocrx_word' id='word_1_170' title='bbox 1093 1862 1146 1924; x_wconf 86' lang='lat' dir='ltr'><strong>sed</strong></span> <span class='ocrx_word' id='word_1_171' title='bbox 1167 1861 1231 1925; x_wconf 89' lang='lat' dir='ltr'><strong>iam</strong></span> <span class='ocrx_word' id='word_1_172' title='bbox 1251 1861 1370 1925; x_wconf 84' lang='lat' dir='ltr'><strong>Ennius</strong></span> <span class='ocrx_word' id='word_1_173' title='bbox 1393 1861 1621 1946; x_wconf 87' lang='lat' dir='ltr'><strong>epigrammata</strong></span> <span class='ocrx_word' id='word_1_174' title='bbox 1643 1885 1775 1946; x_wconf 89' lang='lat' dir='ltr'><strong>eumque</strong></span> <span class='ocrx_word' id='word_1_175' title='bbox 1796 1865 1896 1929; x_wconf 87' lang='lat' dir='ltr'><strong>secuti</strong></span> <span class='ocrx_word' id='word_1_176' title='bbox 1918 1865 1972 1930; x_wconf 88' lang='lat' dir='ltr'><strong>alii</strong></span> <span class='ocrx_word' id='word_1_177' title='bbox 1993 1865 2079 1929; x_wconf 84' lang='lat' dir='ltr'><strong>velut</strong></span> 
     </span>
     <span class='ocr_line' id='line_1_15' title="bbox 243 1959 2080 2048; baseline 0.005 -26"><span class='ocrx_word' id='word_1_178' title='bbox 243 1959 385 2025; x_wconf 75' lang='lat' dir='ltr'><strong>l&#39;alerius</strong></span> <span class='ocrx_word' id='word_1_179' title='bbox 408 1959 576 2038; x_wconf 85' lang='lat' dir='ltr'><strong>Aedituus,</strong></span> <span class='ocrx_word' id='word_1_180' title='bbox 605 1962 734 2028; x_wconf 86' lang='lat' dir='ltr'><strong>Porcius</strong></span> <span class='ocrx_word' id='word_1_181' title='bbox 755 1962 906 2040; x_wconf 88' lang='lat' dir='ltr'><strong>Licinius,</strong></span> <span class='ocrx_word' id='word_1_182' title='bbox 939 1965 976 2040; x_wconf 80' lang='lat' dir='ltr'><strong>Q.</strong></span> <span class='ocrx_word' id='word_1_183' title='bbox 1007 1962 1151 2028; x_wconf 89' lang='lat' dir='ltr'><strong>Lutatius</strong></span> <span class='ocrx_word' id='word_1_184' title='bbox 1179 1963 1306 2027; x_wconf 80' lang='lat' dir='ltr'><strong>Catulus</strong></span> <span class='ocrx_word' id='word_1_185' title='bbox 1340 1964 1400 2027; x_wconf 90' lang='lat' dir='ltr'><strong>hoc</strong></span> <span class='ocrx_word' id='word_1_186' title='bbox 1421 1971 1522 2026; x_wconf 89' lang='lat' dir='ltr'><strong>metro</strong></span> <span class='ocrx_word' id='word_1_187' title='bbox 1556 1963 1746 2048; x_wconf 88' lang='lat' dir='ltr'><strong>scripserant</strong></span> <span class='ocrx_word' id='word_1_188' title='bbox 1778 1965 1930 2031; x_wconf 76' lang='grc'><strong>1111111111,</strong></span> <span class='ocrx_word' id='word_1_189' title='bbox 1949 1967 2080 2043; x_wconf 89' lang='lat' dir='ltr'><strong>minora,</strong></span> 
     </span>
     <span class='ocr_line' id='line_1_16' title="bbox 242 2061 2079 2150; baseline 0.003 -25"><span class='ocrx_word' id='word_1_190' title='bbox 242 2061 346 2144; x_wconf 87' lang='lat' dir='ltr'><strong>qualia</strong></span> <span class='ocrx_word' id='word_1_191' title='bbox 367 2085 386 2126; x_wconf 92' lang='lat' dir='ltr'><strong>a</strong></span> <span class='ocrx_word' id='word_1_192' title='bbox 408 2061 529 2126; x_wconf 89' lang='lat' dir='ltr'><strong>Catullo</strong></span> <span class='ocrx_word' id='word_1_193' title='bbox 552 2084 677 2147; x_wconf 86' lang='lat' dir='ltr'><strong>quoque</strong></span> <span class='ocrx_word' id='word_1_194' title='bbox 699 2070 822 2130; x_wconf 88' lang='lat' dir='ltr'><strong>exstant</strong></span> <span class='ocrx_word' id='word_1_195' title='bbox 844 2071 876 2130; x_wconf 91' lang='lat' dir='ltr'><strong>et</strong></span> <span class='ocrx_word' id='word_1_196' title='bbox 898 2089 977 2148; x_wconf 90' lang='lat' dir='ltr'><strong>quae</strong></span> <span class='ocrx_word' id='word_1_197' title='bbox 1000 2066 1039 2130; x_wconf 93' lang='lat' dir='ltr'><strong>ab</strong></span> <span class='ocrx_word' id='word_1_198' title='bbox 1062 2064 1295 2150; x_wconf 78' lang='lat' dir='ltr'><strong>epigrammatis</strong></span> <span class='ocrx_word' id='word_1_199' title='bbox 1317 2086 1380 2128; x_wconf 91' lang='lat' dir='ltr'><strong>non</strong></span> <span class='ocrx_word' id='word_1_200' title='bbox 1401 2065 1536 2128; x_wconf 90' lang='lat' dir='ltr'><strong>multum</strong></span> <span class='ocrx_word' id='word_1_201' title='bbox 1558 2063 1696 2137; x_wconf 79' lang='lat' dir='ltr'><strong>distant.¹</strong></span> <span class='ocrx_word' id='word_1_202' title='bbox 1713 2068 1853 2132; x_wconf 90' lang='lat' dir='ltr'><strong>noudum</strong></span> <span class='ocrx_word' id='word_1_203' title='bbox 1874 2073 1979 2132; x_wconf 90' lang='lat' dir='ltr'><strong>temen</strong></span> <span class='ocrx_word' id='word_1_204' title='bbox 2000 2068 2079 2132; x_wconf 91' lang='lat' dir='ltr'><strong>illud</strong></span> 
     </span>
     <span class='ocr_line' id='line_1_17' title="bbox 241 2163 2077 2252; baseline 0.004 -26"><span class='ocrx_word' id='word_1_205' title='bbox 241 2163 286 2227; x_wconf 90' lang='lat' dir='ltr'><strong>ita</strong></span> <span class='ocrx_word' id='word_1_206' title='bbox 308 2163 467 2227; x_wconf 84' lang='lat' dir='ltr'><strong>excultum</strong></span> <span class='ocrx_word' id='word_1_207' title='bbox 489 2171 571 2240; x_wconf 88' lang='lat' dir='ltr'><strong>erat,</strong></span> <span class='ocrx_word' id='word_1_208' title='bbox 594 2172 630 2229; x_wconf 92' lang='lat' dir='ltr'><strong>ut</strong></span> <span class='ocrx_word' id='word_1_209' title='bbox 652 2166 791 2231; x_wconf 90' lang='lat' dir='ltr'><strong>Catullus</strong></span> <span class='ocrx_word' id='word_1_210' title='bbox 813 2167 904 2232; x_wconf 89' lang='lat' dir='ltr'><strong>facile</strong></span> <span class='ocrx_word' id='word_1_211' title='bbox 926 2189 962 2231; x_wconf 86' lang='lat' dir='ltr'><strong>eo</strong></span> <span class='ocrx_word' id='word_1_212' title='bbox 982 2166 1030 2232; x_wconf 88' lang='lat' dir='ltr'><strong>uti</strong></span> <span class='ocrx_word' id='word_1_213' title='bbox 1052 2173 1165 2251; x_wconf 90' lang='lat' dir='ltr'><strong>posset,</strong></span> <span class='ocrx_word' id='word_1_214' title='bbox 1188 2172 1219 2230; x_wconf 91' lang='lat' dir='ltr'><strong>et</strong></span> <span class='ocrx_word' id='word_1_215' title='bbox 1241 2189 1277 2230; x_wconf 89' lang='lat' dir='ltr'><strong>eo</strong></span> <span class='ocrx_word' id='word_1_216' title='bbox 1300 2166 1399 2252; x_wconf 86' lang='lat' dir='ltr'><strong>magis</strong></span> <span class='ocrx_word' id='word_1_217' title='bbox 1422 2166 1450 2230; x_wconf 92' lang='lat' dir='ltr'><strong>ei</strong></span> <span class='ocrx_word' id='word_1_218' title='bbox 1466 2164 1690 2230; x_wconf 88' lang='lat' dir='ltr'><strong>elaborandum</strong></span> <span class='ocrx_word' id='word_1_219' title='bbox 1705 2174 1787 2245; x_wconf 90' lang='lat' dir='ltr'><strong>eret,</strong></span> <span class='ocrx_word' id='word_1_220' title='bbox 1810 2170 1894 2251; x_wconf 92' lang='lat' dir='ltr'><strong>quod</strong></span> <span class='ocrx_word' id='word_1_221' title='bbox 1916 2191 1954 2233; x_wconf 89' lang='lat' dir='ltr'><strong>ne</strong></span> <span class='ocrx_word' id='word_1_222' title='bbox 1975 2191 2077 2234; x_wconf 89' lang='lat' dir='ltr'><strong>sermo</strong></span> 
     </span>
     <span class='ocr_line' id='line_1_18' title="bbox 243 2263 2078 2356; baseline 0.004 -28"><span class='ocrx_word' id='word_1_223' title='bbox 243 2265 368 2348; x_wconf 87' lang='lat' dir='ltr'><strong>quidem</strong></span> <span class='ocrx_word' id='word_1_224' title='bbox 390 2264 457 2349; x_wconf 75' lang='lat' dir='ltr'><strong>ipse</strong></span> <span class='ocrx_word' id='word_1_225' title='bbox 477 2263 540 2328; x_wconf 89' lang='lat' dir='ltr'><strong>iam</strong></span> <span class='ocrx_word' id='word_1_226' title='bbox 563 2265 603 2330; x_wconf 89' lang='lat' dir='ltr'><strong>ad</strong></span> <span class='ocrx_word' id='word_1_227' title='bbox 625 2289 721 2332; x_wconf 87' lang='lat' dir='ltr'><strong>novos</strong></span> <span class='ocrx_word' id='word_1_228' title='bbox 744 2269 943 2352; x_wconf 87' lang='lat' dir='ltr'><strong>insuetosque</strong></span> <span class='ocrx_word' id='word_1_229' title='bbox 965 2269 1061 2332; x_wconf 89' lang='lat' dir='ltr'><strong>animi</strong></span> <span class='ocrx_word' id='word_1_230' title='bbox 1082 2289 1189 2332; x_wconf 90' lang='lat' dir='ltr'><strong>sensus</strong></span> <span class='ocrx_word' id='word_1_231' title='bbox 1204 2268 1395 2350; x_wconf 85' lang='lat' dir='ltr'><strong>affectusque</strong></span> <span class='ocrx_word' id='word_1_232' title='bbox 1418 2268 1547 2353; x_wconf 83' lang='lat' dir='ltr'><strong>elegiaci</strong></span> <span class='ocrx_word' id='word_1_233' title='bbox 1570 2269 1714 2334; x_wconf 88' lang='lat' dir='ltr'><strong>carminis</strong></span> <span class='ocrx_word' id='word_1_234' title='bbox 1734 2269 1879 2356; x_wconf 89' lang='lat' dir='ltr'><strong>proprios</strong></span> <span class='ocrx_word' id='word_1_235' title='bbox 1902 2271 2078 2356; x_wconf 88' lang='lat' dir='ltr'><strong>exprimen-</strong></span> 
     </span>
     <span class='ocr_line' id='line_1_19' title="bbox 241 2365 2080 2455; baseline 0.005 -27"><span class='ocrx_word' id='word_1_236' title='bbox 241 2365 298 2429; x_wconf 93' lang='lat' dir='ltr'><strong>dos</strong></span> <span class='ocrx_word' id='word_1_237' title='bbox 319 2370 523 2450; x_wconf 86' lang='lat' dir='ltr'><strong>praeparatus</strong></span> <span class='ocrx_word' id='word_1_238' title='bbox 546 2375 627 2443; x_wconf 89' lang='lat' dir='ltr'><strong>erat;</strong></span> <span class='ocrx_word' id='word_1_239' title='bbox 656 2371 740 2452; x_wconf 92' lang='lat' dir='ltr'><strong>quod</strong></span> <span class='ocrx_word' id='word_1_240' title='bbox 762 2371 894 2438; x_wconf 88' lang='lat' dir='ltr'><strong>fortasse</strong></span> <span class='ocrx_word' id='word_1_241' title='bbox 916 2392 979 2435; x_wconf 94' lang='lat' dir='ltr'><strong>non</strong></span> <span class='ocrx_word' id='word_1_242' title='bbox 1001 2369 1101 2434; x_wconf 90' lang='lat' dir='ltr'><strong>minus</strong></span> <span class='ocrx_word' id='word_1_243' title='bbox 1123 2368 1219 2433; x_wconf 89' lang='lat' dir='ltr'><strong>sensit</strong></span> <span class='ocrx_word' id='word_1_244' title='bbox 1240 2390 1334 2451; x_wconf 91' lang='lat' dir='ltr'><strong>quam</strong></span> <span class='ocrx_word' id='word_1_245' title='bbox 1355 2367 1532 2446; x_wconf 87' lang='lat' dir='ltr'><strong>Lucretius,</strong></span> <span class='ocrx_word' id='word_1_246' title='bbox 1556 2372 1610 2453; x_wconf 94' lang='lat' dir='ltr'><strong>qui</strong></span> <span class='ocrx_word' id='word_1_247' title='bbox 1632 2371 1670 2451; x_wconf 86' lang='lat' dir='ltr'><strong>(l,</strong></span> <span class='ocrx_word' id='word_1_248' title='bbox 1695 2373 1768 2455; x_wconf 81' lang='grc'><strong>137)</strong></span> <span class='ocrx_word' id='word_1_249' title='bbox 1791 2371 1945 2455; x_wconf 85' lang='lat' dir='ltr'><strong>queritur:</strong></span> <span class='ocrx_word' id='word_1_250' title='bbox 1987 2371 2080 2437; x_wconf 87' lang='lat' dir='ltr'><strong>Diffi-</strong></span> 
     </span>
     <span class='ocr_line' id='line_1_20' title="bbox 241 2466 2121 2559; baseline 0.005 -29"><span class='ocrx_word' id='word_1_251' title='bbox 241 2466 300 2530; x_wconf 86' lang='grc'><strong>1111</strong></span> <span class='ocrx_word' id='word_1_252' title='bbox 321 2466 478 2532; x_wconf 88' lang='lat' dir='ltr'><strong>illustrare</strong></span> <span class='ocrx_word' id='word_1_253' title='bbox 500 2467 617 2533; x_wconf 88' lang='lat' dir='ltr'><strong>Latinis</strong></span> <span class='ocrx_word' id='word_1_254' title='bbox 640 2470 780 2536; x_wconf 88' lang='lat' dir='ltr'><strong>versibus</strong></span> <span class='ocrx_word' id='word_1_255' title='bbox 802 2495 880 2550; x_wconf 88' lang='lat' dir='ltr'><strong>esse,</strong></span> <span class='ocrx_word' id='word_1_256' title='bbox 903 2471 1005 2536; x_wconf 91' lang='lat' dir='ltr'><strong>Multa</strong></span> <span class='ocrx_word' id='word_1_257' title='bbox 1027 2471 1115 2535; x_wconf 67' lang='lat' dir='ltr'><strong>nervis</strong></span> <span class='ocrx_word' id='word_1_258' title='bbox 1138 2470 1239 2534; x_wconf 90' lang='lat' dir='ltr'><strong>verbis</strong></span> <span class='ocrx_word' id='word_1_259' title='bbox 1261 2469 1445 2554; x_wconf 88' lang='lat' dir='ltr'><strong>praesertim</strong></span> <span class='ocrx_word' id='word_1_260' title='bbox 1468 2492 1538 2534; x_wconf 89' lang='lat' dir='ltr'><strong>oum</strong></span> <span class='ocrx_word' id='word_1_261' title='bbox 1560 2472 1602 2536; x_wconf 90' lang='lat' dir='ltr'><strong>sit</strong></span> <span class='ocrx_word' id='word_1_262' title='bbox 1622 2473 1779 2558; x_wconf 86' lang='lat' dir='ltr'><strong>agendum</strong></span> <span class='ocrx_word' id='word_1_263' title='bbox 1799 2471 1936 2556; x_wconf 89' lang='lat' dir='ltr'><strong>Propter</strong></span> <span class='ocrx_word' id='word_1_264' title='bbox 1958 2477 2079 2559; x_wconf 83' lang='lat' dir='ltr'><strong>egestu-</strong></span> <span class='ocrx_word' id='word_1_265' title='bbox 2118 2543 2121 2550; x_wconf 65' lang='grc'>,</span> 
     </span>
     <span class='ocr_line' id='line_1_21' title="bbox 240 2567 2078 2658; baseline 0.004 -26"><span class='ocrx_word' id='word_1_266' title='bbox 240 2573 306 2632; x_wconf 89' lang='lat' dir='ltr'><strong>tem</strong></span> <span class='ocrx_word' id='word_1_267' title='bbox 328 2567 453 2652; x_wconf 86' lang='lat' dir='ltr'><strong>linguae</strong></span> <span class='ocrx_word' id='word_1_268' title='bbox 476 2576 507 2634; x_wconf 92' lang='lat' dir='ltr'><strong>et</strong></span> <span class='ocrx_word' id='word_1_269' title='bbox 528 2593 634 2636; x_wconf 87' lang='lat' dir='ltr'><strong>rernm</strong></span> <span class='ocrx_word' id='word_1_270' title='bbox 655 2572 855 2638; x_wconf 59' lang='lat' dir='ltr'><strong>dentatam*</strong></span> <span class='ocrx_word' id='word_1_271' title='bbox 899 2573 980 2650; x_wconf 81' lang='lat' dir='ltr'><strong>Quid</strong></span> <span class='ocrx_word' id='word_1_272' title='bbox 1003 2571 1102 2656; x_wconf 84' lang='lat' dir='ltr'><strong>igitur</strong></span> <span class='ocrx_word' id='word_1_273' title='bbox 1123 2571 1238 2634; x_wconf 90' lang='lat' dir='ltr'><strong>mirum</strong></span> <span class='ocrx_word' id='word_1_274' title='bbox 1254 2572 1339 2654; x_wconf 85' lang='lat' dir='ltr'><strong>quud</strong></span> <span class='ocrx_word' id='word_1_275' title='bbox 1360 2572 1478 2656; x_wconf 88' lang='lat' dir='ltr'><strong>elegiae</strong></span> <span class='ocrx_word' id='word_1_276' title='bbox 1494 2573 1687 2638; x_wconf 90' lang='lat' dir='ltr'><strong>Catullianae</strong></span> <span class='ocrx_word' id='word_1_277' title='bbox 1708 2575 1848 2639; x_wconf 88' lang='lat' dir='ltr'><strong>nondum</strong></span> <span class='ocrx_word' id='word_1_278' title='bbox 1868 2575 2078 2658; x_wconf 77' lang='lat' dir='ltr'><strong>posterIorum</strong></span> 
     </span>
     <span class='ocr_line' id='line_1_22' title="bbox 242 2670 2080 2759; baseline 0.005 -26"><span class='ocrx_word' id='word_1_279' title='bbox 242 2675 406 2753; x_wconf 86' lang='lat' dir='ltr'><strong>poetarum</strong></span> <span class='ocrx_word' id='word_1_280' title='bbox 427 2670 589 2736; x_wconf 87' lang='lat' dir='ltr'><strong>lenitatem</strong></span> <span class='ocrx_word' id='word_1_281' title='bbox 611 2696 874 2758; x_wconf 87' lang='lat' dir='ltr'><strong>numerorumque</strong></span> <span class='ocrx_word' id='word_1_282' title='bbox 896 2673 1136 2738; x_wconf 85' lang='lat' dir='ltr'><strong>concinnitatem</strong></span> <span class='ocrx_word' id='word_1_283' title='bbox 1166 2674 1219 2736; x_wconf 89' lang='lat' dir='ltr'><strong>sed</strong></span> <span class='ocrx_word' id='word_1_284' title='bbox 1243 2672 1370 2736; x_wconf 86' lang='lat' dir='ltr'><strong>duriora</strong></span> <span class='ocrx_word' id='word_1_285' title='bbox 1391 2674 1545 2755; x_wconf 90' lang='lat' dir='ltr'><strong>quaedam</strong></span> <span class='ocrx_word' id='word_1_286' title='bbox 1566 2697 1641 2759; x_wconf 89' lang='lat' dir='ltr'><strong>prae</strong></span> <span class='ocrx_word' id='word_1_287' title='bbox 1663 2698 1695 2738; x_wconf 88' lang='lat' dir='ltr'><strong>se</strong></span> <span class='ocrx_word' id='word_1_288' title='bbox 1716 2675 1836 2750; x_wconf 86' lang='lat' dir='ltr'><strong>ferunt;</strong></span> <span class='ocrx_word' id='word_1_289' title='bbox 1866 2675 1943 2758; x_wconf 92' lang='lat' dir='ltr'><strong>quid</strong></span> <span class='ocrx_word' id='word_1_290' title='bbox 1964 2677 2080 2742; x_wconf 90' lang='lat' dir='ltr'><strong>mirum</strong></span> 
     </span>
     <span class='ocr_line' id='line_1_23' title="bbox 242 2770 2078 2860; baseline 0.005 -26"><span class='ocrx_word' id='word_1_291' title='bbox 242 2771 326 2854; x_wconf 92' lang='lat' dir='ltr'><strong>quod</strong></span> <span class='ocrx_word' id='word_1_292' title='bbox 348 2770 380 2834; x_wconf 90' lang='lat' dir='ltr'><strong>in</strong></span> <span class='ocrx_word' id='word_1_293' title='bbox 401 2770 439 2834; x_wconf 89' lang='lat' dir='ltr'><strong>iis</strong></span> <span class='ocrx_word' id='word_1_294' title='bbox 461 2777 492 2836; x_wconf 93' lang='lat' dir='ltr'><strong>et</strong></span> <span class='ocrx_word' id='word_1_295' title='bbox 513 2773 637 2860; x_wconf 87' lang='lat' dir='ltr'><strong>singula</strong></span> <span class='ocrx_word' id='word_1_296' title='bbox 658 2776 753 2840; x_wconf 82' lang='lat' dir='ltr'><strong>rerba</strong></span> <span class='ocrx_word' id='word_1_297' title='bbox 771 2771 812 2840; x_wconf 86' lang='lat' dir='ltr'><strong>¹et</strong></span> <span class='ocrx_word' id='word_1_298' title='bbox 833 2798 941 2841; x_wconf 91' lang='lat' dir='ltr'><strong>eorum</strong></span> <span class='ocrx_word' id='word_1_299' title='bbox 962 2774 1197 2859; x_wconf 88' lang='lat' dir='ltr'><strong>comprehensio</strong></span> <span class='ocrx_word' id='word_1_300' title='bbox 1225 2773 1383 2838; x_wconf 90' lang='lat' dir='ltr'><strong>interdum</strong></span> <span class='ocrx_word' id='word_1_301' title='bbox 1409 2775 1510 2860; x_wconf 86' lang='lat' dir='ltr'><strong>magis</strong></span> <span class='ocrx_word' id='word_1_302' title='bbox 1538 2775 1657 2840; x_wconf 87' lang='lat' dir='ltr'><strong>solutae</strong></span> <span class='ocrx_word' id='word_1_303' title='bbox 1690 2776 1839 2842; x_wconf 85' lang='lat' dir='ltr'><strong>orationis</strong></span> <span class='ocrx_word' id='word_1_304' title='bbox 1872 2778 2007 2843; x_wconf 89' lang='lat' dir='ltr'><strong>indolem</strong></span> <span class='ocrx_word' id='word_1_305' title='bbox 2028 2801 2078 2844; x_wconf 90' lang='lat' dir='ltr'><strong>re-</strong></span> 
     </span>
     <span class='ocr_line' id='line_1_24' title="bbox 241 2873 2080 2962; baseline 0.005 -28"><span class='ocrx_word' id='word_1_306' title='bbox 241 2873 347 2937; x_wconf 86' lang='lat' dir='ltr'><strong>ferunt</strong></span> <span class='ocrx_word' id='word_1_307' title='bbox 369 2893 464 2954; x_wconf 88' lang='lat' dir='ltr'><strong>quam</strong></span> <span class='ocrx_word' id='word_1_308' title='bbox 486 2875 653 2940; x_wconf 77' lang='lat' dir='ltr'><strong>astrictae?</strong></span> <span class='ocrx_word' id='word_1_309' title='bbox 697 2875 766 2940; x_wconf 90' lang='lat' dir='ltr'><strong>Huc</strong></span> <span class='ocrx_word' id='word_1_310' title='bbox 787 2879 955 2962; x_wconf 90' lang='lat' dir='ltr'><strong>pertinent,</strong></span> <span class='ocrx_word' id='word_1_311' title='bbox 977 2887 1013 2942; x_wconf 89' lang='lat' dir='ltr'><strong>ut</strong></span> <span class='ocrx_word' id='word_1_312' title='bbox 1028 2877 1178 2940; x_wconf 88' lang='lat' dir='ltr'><strong>nonnulla</strong></span> <span class='ocrx_word' id='word_1_313' title='bbox 1199 2875 1337 2952; x_wconf 87' lang='lat' dir='ltr'><strong>afferam,</strong></span> <span class='ocrx_word' id='word_1_314' title='bbox 1360 2883 1486 2960; x_wconf 88' lang='lat' dir='ltr'><strong>praeter</strong></span> <span class='ocrx_word' id='word_1_315' title='bbox 1500 2877 1694 2960; x_wconf 83' lang='lat' dir='ltr'><strong>frequentem</strong></span> <span class='ocrx_word' id='word_1_316' title='bbox 1710 2877 1967 2944; x_wconf 86' lang='lat' dir='ltr'><strong>coniunctionum</strong></span> <span class='ocrx_word' id='word_1_317' title='bbox 1989 2902 2080 2944; x_wconf 88' lang='lat' dir='ltr'><strong>usum</strong></span> 
     </span>
     <span class='ocr_line' id='line_1_25' title="bbox 242 2973 2081 3064; baseline 0.006 -29"><span class='ocrx_word' id='word_1_318' title='bbox 242 2974 329 3038; x_wconf 84' lang='lat' dir='ltr'><strong>velut</strong></span> <span class='ocrx_word' id='word_1_319' title='bbox 351 2973 442 3048; x_wconf 89' lang='lat' dir='ltr'><strong>etsi,</strong></span> <span class='ocrx_word' id='word_1_320' title='bbox 465 2977 582 3057; x_wconf 88' lang='lat' dir='ltr'><strong>quod,</strong></span> <span class='ocrx_word' id='word_1_321' title='bbox 605 3001 740 3059; x_wconf 68' lang='lat' dir='ltr'><strong>(quare,</strong></span> <span class='ocrx_word' id='word_1_322' title='bbox 762 2979 892 3062; x_wconf 86' lang='lat' dir='ltr'><strong>atqui,</strong></span> <span class='ocrx_word' id='word_1_323' title='bbox 914 2979 1009 3044; x_wconf 88' lang='lat' dir='ltr'><strong>etiam</strong></span> <span class='ocrx_word' id='word_1_324' title='bbox 1030 2977 1106 3043; x_wconf 89' lang='lat' dir='ltr'><strong>talia</strong></span> <span class='ocrx_word' id='word_1_325' title='bbox 1129 2979 1230 3060; x_wconf 90' lang='lat' dir='ltr'><strong>quod</strong></span> <span class='ocrx_word' id='word_1_326' title='bbox 1252 2999 1335 3042; x_wconf 91' lang='lat' dir='ltr'><strong>oum</strong></span> <span class='ocrx_word' id='word_1_327' title='bbox 1357 2978 1419 3054; x_wconf 88' lang='lat' dir='ltr'><strong>sit,</strong></span> <span class='ocrx_word' id='word_1_328' title='bbox 1443 2978 1597 3043; x_wconf 86' lang='lat' dir='ltr'><strong>dixerit</strong></span> <span class='ocrx_word' id='word_1_329' title='bbox 1619 2979 1780 3062; x_wconf 90' lang='lat' dir='ltr'><strong>aliquis,</strong></span> <span class='ocrx_word' id='word_1_330' title='bbox 1804 2979 1874 3044; x_wconf 87' lang='lat' dir='ltr'><strong>hoo</strong></span> <span class='ocrx_word' id='word_1_331' title='bbox 1896 2981 1946 3046; x_wconf 91' lang='lat' dir='ltr'><strong>fit</strong></span> <span class='ocrx_word' id='word_1_332' title='bbox 1968 2983 2081 3064; x_wconf 87' lang='lat' dir='ltr'><strong>quod,</strong></span> 
     </span>
     <span class='ocr_line' id='line_1_26' title="bbox 242 3075 2080 3167; baseline 0.004 -27"><span class='ocrx_word' id='word_1_333' title='bbox 242 3075 312 3140; x_wconf 88' lang='lat' dir='ltr'><strong>alia.</strong></span> <span class='ocrx_word' id='word_1_334' title='bbox 358 3076 426 3152; x_wconf 79' lang='lat' dir='ltr'><strong>Qua</strong></span> <span class='ocrx_word' id='word_1_335' title='bbox 448 3076 480 3139; x_wconf 92' lang='lat' dir='ltr'><strong>in</strong></span> <span class='ocrx_word' id='word_1_336' title='bbox 503 3099 536 3142; x_wconf 90' lang='lat' dir='ltr'><strong>re</strong></span> <span class='ocrx_word' id='word_1_337' title='bbox 556 3084 611 3142; x_wconf 89' lang='lat' dir='ltr'><strong>aut</strong></span> <span class='ocrx_word' id='word_1_338' title='bbox 632 3079 716 3164; x_wconf 85' lang='lat' dir='ltr'><strong>fugit</strong></span> <span class='ocrx_word' id='word_1_339' title='bbox 737 3080 825 3144; x_wconf 90' lang='lat' dir='ltr'><strong>illum</strong></span> <span class='ocrx_word' id='word_1_340' title='bbox 848 3103 896 3145; x_wconf 87' lang='lat' dir='ltr'><strong>ars</strong></span> <span class='ocrx_word' id='word_1_341' title='bbox 919 3079 1089 3144; x_wconf 87' lang='lat' dir='ltr'><strong>sententias</strong></span> <span class='ocrx_word' id='word_1_342' title='bbox 1104 3079 1209 3163; x_wconf 88' lang='lat' dir='ltr'><strong>potins</strong></span> <span class='ocrx_word' id='word_1_343' title='bbox 1225 3080 1392 3143; x_wconf 87' lang='lat' dir='ltr'><strong>verborum</strong></span> <span class='ocrx_word' id='word_1_344' title='bbox 1408 3080 1620 3154; x_wconf 89' lang='lat' dir='ltr'><strong>collocatione·</strong></span> <span class='ocrx_word' id='word_1_345' title='bbox 1635 3080 1703 3165; x_wconf 89' lang='lat' dir='ltr'><strong>ipsa</strong></span> <span class='ocrx_word' id='word_1_346' title='bbox 1718 3104 1813 3163; x_wconf 73' lang='lat' dir='ltr'><strong>«quam</strong></span> <span class='ocrx_word' id='word_1_347' title='bbox 1828 3082 1990 3167; x_wconf 88' lang='lat' dir='ltr'><strong>particulis</strong></span> <span class='ocrx_word' id='word_1_348' title='bbox 2006 3105 2080 3147; x_wconf 90' lang='lat' dir='ltr'><strong>con-</strong></span> 
     </span>
     <span class='ocr_line' id='line_1_27' title="bbox 242 3176 2080 3268; baseline 0.005 -30"><span class='ocrx_word' id='word_1_349' title='bbox 242 3176 400 3253; x_wconf 87' lang='lat' dir='ltr'><strong>nectendi,</strong></span> <span class='ocrx_word' id='word_1_350' title='bbox 423 3199 485 3259; x_wconf 87' lang='lat' dir='ltr'><strong>que</strong></span> <span class='ocrx_word' id='word_1_351' title='bbox 504 3179 536 3242; x_wconf 90' lang='lat' dir='ltr'><strong>in</strong></span> <span class='ocrx_word' id='word_1_352' title='bbox 559 3185 627 3244; x_wconf 89' lang='lat' dir='ltr'><strong>arte</strong></span> <span class='ocrx_word' id='word_1_353' title='bbox 650 3181 728 3246; x_wconf 80' lang='lat' dir='ltr'><strong>mita</strong></span> <span class='ocrx_word' id='word_1_354' title='bbox 749 3181 804 3248; x_wconf 90' lang='lat' dir='ltr'><strong>illa</strong></span> <span class='ocrx_word' id='word_1_355' title='bbox 826 3181 959 3246; x_wconf 87' lang='lat' dir='ltr'><strong>facilitas</strong></span> <span class='ocrx_word' id='word_1_356' title='bbox 982 3180 1042 3245; x_wconf 88' lang='lat' dir='ltr'><strong>sita</strong></span> <span class='ocrx_word' id='word_1_357' title='bbox 1064 3188 1127 3257; x_wconf 88' lang='lat' dir='ltr'><strong>est,</strong></span> <span class='ocrx_word' id='word_1_358' title='bbox 1150 3204 1212 3264; x_wconf 88' lang='lat' dir='ltr'><strong>qna</strong></span> <span class='ocrx_word' id='word_1_359' title='bbox 1240 3181 1379 3245; x_wconf 88' lang='lat' dir='ltr'><strong>omnium</strong></span> <span class='ocrx_word' id='word_1_360' title='bbox 1400 3187 1566 3268; x_wconf 86' lang='lat' dir='ltr'><strong>poetarum</strong></span> <span class='ocrx_word' id='word_1_361' title='bbox 1588 3179 1717 3246; x_wconf 88' lang='lat' dir='ltr'><strong>Ovidius</strong></span> <span class='ocrx_word' id='word_1_362' title='bbox 1744 3184 1878 3248; x_wconf 81' lang='lat' dir='ltr'><strong>inarime</strong></span> <span class='ocrx_word' id='word_1_363' title='bbox 1899 3206 1989 3248; x_wconf 89' lang='lat' dir='ltr'><strong>aures</strong></span> <span class='ocrx_word' id='word_1_364' title='bbox 2019 3184 2080 3248; x_wconf 90' lang='lat' dir='ltr'><strong>lec-</strong></span> 
     </span>
     <span class='ocr_line' id='line_1_28' title="bbox 241 3276 2077 3370; baseline 0.005 -29"><span class='ocrx_word' id='word_1_365' title='bbox 241 3276 320 3342; x_wconf 89' lang='lat' dir='ltr'><strong>toris</strong></span> <span class='ocrx_word' id='word_1_366' title='bbox 342 3279 490 3356; x_wconf 89' lang='lat' dir='ltr'><strong>delectat,</strong></span> <span class='ocrx_word' id='word_1_367' title='bbox 519 3287 574 3344; x_wconf 90' lang='lat' dir='ltr'><strong>aut</strong></span> <span class='ocrx_word' id='word_1_368' title='bbox 602 3281 698 3346; x_wconf 89' lang='lat' dir='ltr'><strong>nimia</strong></span> <span class='ocrx_word' id='word_1_369' title='bbox 726 3305 816 3360; x_wconf 88' lang='lat' dir='ltr'><strong>cura,</strong></span> <span class='ocrx_word' id='word_1_370' title='bbox 851 3283 950 3366; x_wconf 89' lang='lat' dir='ltr'><strong>qualis</strong></span> <span class='ocrx_word' id='word_1_371' title='bbox 982 3283 1121 3347; x_wconf 87' lang='lat' dir='ltr'><strong>tironum</strong></span> <span class='ocrx_word' id='word_1_372' title='bbox 1144 3282 1273 3367; x_wconf 89' lang='lat' dir='ltr'><strong>propria</strong></span> <span class='ocrx_word' id='word_1_373' title='bbox 1300 3305 1364 3347; x_wconf 87' lang='lat' dir='ltr'><strong>esse</strong></span> <span class='ocrx_word' id='word_1_374' title='bbox 1385 3283 1479 3359; x_wconf 90' lang='lat' dir='ltr'><strong>solet,</strong></span> <span class='ocrx_word' id='word_1_375' title='bbox 1502 3305 1572 3346; x_wconf 91' lang='lat' dir='ltr'><strong>eum</strong></span> <span class='ocrx_word' id='word_1_376' title='bbox 1596 3285 1758 3367; x_wconf 80' lang='lat' dir='ltr'><strong>perduxit,</strong></span> <span class='ocrx_word' id='word_1_377' title='bbox 1780 3291 1815 3348; x_wconf 89' lang='lat' dir='ltr'><strong>nt</strong></span> <span class='ocrx_word' id='word_1_378' title='bbox 1837 3285 1960 3370; x_wconf 87' lang='lat' dir='ltr'><strong>singula</strong></span> <span class='ocrx_word' id='word_1_379' title='bbox 1983 3307 2077 3367; x_wconf 89' lang='lat' dir='ltr'><strong>qnam</strong></span> 
     </span>
     <span class='ocr_line' id='line_1_29' title="bbox 242 3379 2081 3471; baseline 0.004 -30"><span class='ocrx_word' id='word_1_380' title='bbox 242 3379 419 3463; x_wconf 86' lang='lat' dir='ltr'><strong>planissime</strong></span> <span class='ocrx_word' id='word_1_381' title='bbox 441 3381 612 3464; x_wconf 88' lang='lat' dir='ltr'><strong>copularet.</strong></span> <span class='ocrx_word' id='word_1_382' title='bbox 657 3385 743 3460; x_wconf 79' lang='lat' dir='ltr'><strong>Quae</strong></span> <span class='ocrx_word' id='word_1_383' title='bbox 765 3407 840 3450; x_wconf 89' lang='lat' dir='ltr'><strong>cura</strong></span> <span class='ocrx_word' id='word_1_384' title='bbox 861 3391 1024 3470; x_wconf 87' lang='lat' dir='ltr'><strong>praeterea</strong></span> <span class='ocrx_word' id='word_1_385' title='bbox 1045 3384 1075 3448; x_wconf 91' lang='lat' dir='ltr'><strong>iu</strong></span> <span class='ocrx_word' id='word_1_386' title='bbox 1100 3407 1136 3449; x_wconf 88' lang='lat' dir='ltr'><strong>ea</strong></span> <span class='ocrx_word' id='word_1_387' title='bbox 1157 3384 1354 3468; x_wconf 88' lang='lat' dir='ltr'><strong>potissimum</strong></span> <span class='ocrx_word' id='word_1_388' title='bbox 1375 3408 1409 3448; x_wconf 91' lang='lat' dir='ltr'><strong>re</strong></span> <span class='ocrx_word' id='word_1_389' title='bbox 1430 3385 1578 3468; x_wconf 88' lang='lat' dir='ltr'><strong>cognosci</strong></span> <span class='ocrx_word' id='word_1_390' title='bbox 1600 3385 1688 3462; x_wconf 86' lang='lat' dir='ltr'><strong>licet,</strong></span> <span class='ocrx_word' id='word_1_391' title='bbox 1720 3387 1804 3467; x_wconf 89' lang='lat' dir='ltr'><strong>quod</strong></span> <span class='ocrx_word' id='word_1_392' title='bbox 1825 3393 1920 3470; x_wconf 86' lang='lat' dir='ltr'><strong>poeta</strong></span> <span class='ocrx_word' id='word_1_393' title='bbox 1939 3393 2012 3471; x_wconf 87' lang='lat' dir='ltr'><strong>post</strong></span> <span class='ocrx_word' id='word_1_394' title='bbox 2035 3386 2081 3450; x_wconf 92' lang='lat' dir='ltr'><strong>di-</strong></span> 
     </span>
     <span class='ocr_line' id='line_1_30' title="bbox 242 3481 2083 3572; baseline 0.003 -27"><span class='ocrx_word' id='word_1_395' title='bbox 242 3481 416 3564; x_wconf 87' lang='lat' dir='ltr'><strong>gressiones</strong></span> <span class='ocrx_word' id='word_1_396' title='bbox 438 3504 560 3565; x_wconf 88' lang='lat' dir='ltr'><strong>semper</strong></span> <span class='ocrx_word' id='word_1_397' title='bbox 582 3485 690 3548; x_wconf 80' lang='lat' dir='ltr'><strong>eodeni</strong></span> <span class='ocrx_word' id='word_1_398' title='bbox 710 3487 806 3550; x_wconf 83' lang='lat' dir='ltr'><strong>verbo</strong></span> <span class='ocrx_word' id='word_1_399' title='bbox 828 3485 963 3570; x_wconf 89' lang='lat' dir='ltr'><strong>repetito</strong></span> <span class='ocrx_word' id='word_1_400' title='bbox 986 3491 1041 3549; x_wconf 89' lang='lat' dir='ltr'><strong>aut</strong></span> <span class='ocrx_word' id='word_1_401' title='bbox 1062 3485 1144 3549; x_wconf 88' lang='lat' dir='ltr'><strong>illius</strong></span> <span class='ocrx_word' id='word_1_402' title='bbox 1166 3485 1322 3550; x_wconf 87' lang='lat' dir='ltr'><strong>simillimo</strong></span> <span class='ocrx_word' id='word_1_403' title='bbox 1344 3487 1427 3550; x_wconf 89' lang='lat' dir='ltr'><strong>unde</strong></span> <span class='ocrx_word' id='word_1_404' title='bbox 1450 3486 1575 3550; x_wconf 88' lang='lat' dir='ltr'><strong>deflexit</strong></span> <span class='ocrx_word' id='word_1_405' title='bbox 1595 3487 1698 3551; x_wconf 82' lang='lat' dir='ltr'><strong>redIre</strong></span> <span class='ocrx_word' id='word_1_406' title='bbox 1718 3487 1807 3552; x_wconf 88' lang='lat' dir='ltr'><strong>solet.</strong></span> <span class='ocrx_word' id='word_1_407' title='bbox 1851 3487 1994 3572; x_wconf 84' lang='lat' dir='ltr'><strong>Exempli</strong></span> <span class='ocrx_word' id='word_1_408' title='bbox 2008 3509 2083 3572; x_wconf 82' lang='lat' dir='ltr'><strong>gra-</strong></span> 
     </span>
     <span class='ocr_line' id='line_1_31' title="bbox 243 3581 2082 3674; baseline 0.004 -29"><span class='ocrx_word' id='word_1_409' title='bbox 243 3582 288 3646; x_wconf 91' lang='lat' dir='ltr'><strong>tia</strong></span> <span class='ocrx_word' id='word_1_410' title='bbox 309 3581 341 3646; x_wconf 92' lang='lat' dir='ltr'><strong>in</strong></span> <span class='ocrx_word' id='word_1_411' title='bbox 363 3582 499 3648; x_wconf 82' lang='lat' dir='ltr'><strong>camnine</strong></span> <span class='ocrx_word' id='word_1_412' title='bbox 521 3583 606 3648; x_wconf 80' lang='lat' dir='ltr'><strong>LXV</strong></span> <span class='ocrx_word' id='word_1_413' title='bbox 629 3588 732 3650; x_wconf 90' lang='lat' dir='ltr'><strong>versui</strong></span> <span class='ocrx_word' id='word_1_414' title='bbox 754 3589 868 3664; x_wconf 88' lang='lat' dir='ltr'><strong>„tantis</strong></span> <span class='ocrx_word' id='word_1_415' title='bbox 891 3588 1023 3652; x_wconf 85' lang='lat' dir='ltr'><strong>fluctuat</strong></span> <span class='ocrx_word' id='word_1_416' title='bbox 1044 3587 1113 3671; x_wconf 89' lang='lat' dir='ltr'><strong>ipsa</strong></span> <span class='ocrx_word' id='word_1_417' title='bbox 1141 3587 1263 3664; x_wconf 79' lang='lat' dir='ltr'><strong>rrialis,“</strong></span> <span class='ocrx_word' id='word_1_418' title='bbox 1295 3610 1387 3669; x_wconf 89' lang='lat' dir='ltr'><strong>quem</strong></span> <span class='ocrx_word' id='word_1_419' title='bbox 1414 3587 1557 3668; x_wconf 90' lang='lat' dir='ltr'><strong>seqnitur</strong></span> <span class='ocrx_word' id='word_1_420' title='bbox 1586 3587 1751 3672; x_wconf 86' lang='lat' dir='ltr'><strong>digressio,</strong></span> <span class='ocrx_word' id='word_1_421' title='bbox 1778 3591 1947 3674; x_wconf 86' lang='lat' dir='ltr'><strong>respondet</strong></span> <span class='ocrx_word' id='word_1_422' title='bbox 1976 3611 2082 3652; x_wconf 83' lang='lat' dir='ltr'><strong>versus</strong></span> 
     </span>
     <span class='ocr_line' id='line_1_32' title="bbox 248 3685 2082 3772; baseline 0.003 -25"><span class='ocrx_word' id='word_1_423' title='bbox 248 3686 285 3748; x_wconf 87' lang='grc'><strong>15</strong></span> <span class='ocrx_word' id='word_1_424' title='bbox 310 3685 381 3762; x_wconf 83' lang='lat' dir='ltr'><strong>„sed</strong></span> <span class='ocrx_word' id='word_1_425' title='bbox 403 3686 562 3750; x_wconf 87' lang='lat' dir='ltr'><strong>tamenin</strong></span> <span class='ocrx_word' id='word_1_426' title='bbox 585 3687 681 3752; x_wconf 89' lang='lat' dir='ltr'><strong>tantis</strong></span> <span class='ocrx_word' id='word_1_427' title='bbox 703 3690 913 3754; x_wconf 75' lang='lat' dir='ltr'><strong>maeroribus‘</strong></span> <span class='ocrx_word' id='word_1_428' title='bbox 937 3696 969 3753; x_wconf 88' lang='lat' dir='ltr'><strong>et</strong></span> <span class='ocrx_word' id='word_1_429' title='bbox 991 3711 1070 3771; x_wconf 89' lang='lat' dir='ltr'><strong>qnae</strong></span> <span class='ocrx_word' id='word_1_430' title='bbox 1091 3711 1152 3772; x_wconf 89' lang='lat' dir='ltr'><strong>sq.;</strong></span> <span class='ocrx_word' id='word_1_431' title='bbox 1175 3711 1270 3772; x_wconf 86' lang='lat' dir='ltr'><strong>porro</strong></span> <span class='ocrx_word' id='word_1_432' title='bbox 1293 3688 1437 3752; x_wconf 85' lang='lat' dir='ltr'><strong>carminis</strong></span> <span class='ocrx_word' id='word_1_433' title='bbox 1460 3687 1562 3752; x_wconf 79' lang='lat' dir='ltr'><strong>LXVI</strong></span> <span class='ocrx_word' id='word_1_434' title='bbox 1585 3689 1688 3753; x_wconf 81' lang='lat' dir='ltr'><strong>versui</strong></span> <span class='ocrx_word' id='word_1_435' title='bbox 1710 3692 1729 3752; x_wconf 88' lang='lat'><strong>9</strong></span> <span class='ocrx_word' id='word_1_436' title='bbox 1751 3712 1865 3772; x_wconf 89' lang='lat' dir='ltr'><strong>„quam</strong></span> <span class='ocrx_word' id='word_1_437' title='bbox 1886 3689 2005 3755; x_wconf 88' lang='lat' dir='ltr'><strong>eunctis</strong></span> <span class='ocrx_word' id='word_1_438' title='bbox 2027 3689 2082 3753; x_wconf 90' lang='lat' dir='ltr'><strong>illa</strong></span> 
     </span>
     <span class='ocr_line' id='line_1_33' title="bbox 243 3785 2079 3874; baseline 0.003 -26"><span class='ocrx_word' id='word_1_439' title='bbox 243 3786 373 3848; x_wconf 87' lang='lat' dir='ltr'><strong>deorum</strong></span> <span class='ocrx_word' id='word_1_440' title='bbox 394 3785 534 3872; x_wconf 90' lang='lat' dir='ltr'><strong>pollicita</strong></span> <span class='ocrx_word' id='word_1_441' title='bbox 555 3795 619 3852; x_wconf 79' lang='lat' dir='ltr'><strong>est‘</strong></span> <span class='ocrx_word' id='word_1_442' title='bbox 642 3811 747 3854; x_wconf 84' lang='lat' dir='ltr'><strong>versus</strong></span> <span class='ocrx_word' id='word_1_443' title='bbox 768 3794 809 3856; x_wconf 88' lang='grc'><strong>33</strong></span> <span class='ocrx_word' id='word_1_444' title='bbox 834 3798 945 3873; x_wconf 80' lang='lat' dir='ltr'><strong>„atque</strong></span> <span class='ocrx_word' id='word_1_445' title='bbox 967 3791 1011 3854; x_wconf 89' lang='lat' dir='ltr'><strong>ibi</strong></span> <span class='ocrx_word' id='word_1_446' title='bbox 1034 3813 1082 3854; x_wconf 83' lang='lat' dir='ltr'><strong>nie</strong></span> <span class='ocrx_word' id='word_1_447' title='bbox 1104 3791 1223 3854; x_wconf 89' lang='lat' dir='ltr'><strong>cunctis</strong></span> <span class='ocrx_word' id='word_1_448' title='bbox 1247 3790 1324 3853; x_wconf 87' lang='lat' dir='ltr'><strong>divis</strong></span> <span class='ocrx_word' id='word_1_449' title='bbox 1345 3790 1487 3874; x_wconf 90' lang='lat' dir='ltr'><strong>pollicita</strong></span> <span class='ocrx_word' id='word_1_450' title='bbox 1509 3798 1573 3862; x_wconf 84' lang='lat' dir='ltr'><strong>es“;</strong></span> <span class='ocrx_word' id='word_1_451' title='bbox 1596 3790 1732 3854; x_wconf 91' lang='lat' dir='ltr'><strong>eiusdem</strong></span> <span class='ocrx_word' id='word_1_452' title='bbox 1755 3791 1898 3856; x_wconf 89' lang='lat' dir='ltr'><strong>carminis</strong></span> <span class='ocrx_word' id='word_1_453' title='bbox 1921 3791 2022 3854; x_wconf 84' lang='lat' dir='ltr'><strong>versui</strong></span> <span class='ocrx_word' id='word_1_454' title='bbox 2037 3793 2079 3854; x_wconf 90' lang='grc'><strong>39</strong></span> 
     </span>
     <span class='ocr_line' id='line_1_34' title="bbox 245 3886 2081 3975; baseline 0.004 -25"><span class='ocrx_word' id='word_1_455' title='bbox 245 3886 362 3964; x_wconf 83' lang='lat' dir='ltr'><strong>„invita</strong></span> <span class='ocrx_word' id='word_1_456' title='bbox 385 3893 439 3951; x_wconf 93' lang='lat' dir='ltr'><strong>tuo</strong></span> <span class='ocrx_word' id='word_1_457' title='bbox 463 3889 500 3952; x_wconf 93' lang='lat' dir='ltr'><strong>de</strong></span> <span class='ocrx_word' id='word_1_458' title='bbox 523 3890 639 3953; x_wconf 89' lang='lat' dir='ltr'><strong>vertice</strong></span> <span class='ocrx_word' id='word_1_459' title='bbox 660 3891 754 3955; x_wconf 85' lang='lat' dir='ltr'><strong>cessi“</strong></span> <span class='ocrx_word' id='word_1_460' title='bbox 777 3915 883 3956; x_wconf 87' lang='lat' dir='ltr'><strong>versus</strong></span> <span class='ocrx_word' id='word_1_461' title='bbox 913 3894 952 3956; x_wconf 80' lang='lat'><strong>76</strong></span> <span class='ocrx_word' id='word_1_462' title='bbox 981 3893 1085 3968; x_wconf 80' lang='lat' dir='ltr'><strong>„safore</strong></span> <span class='ocrx_word' id='word_1_463' title='bbox 1107 3913 1156 3956; x_wconf 84' lang='lat' dir='ltr'><strong>rue</strong></span> <span class='ocrx_word' id='word_1_464' title='bbox 1184 3917 1201 3956; x_wconf 88' lang='lat' dir='ltr'><strong>a</strong></span> <span class='ocrx_word' id='word_1_465' title='bbox 1230 3892 1345 3956; x_wconf 85' lang='lat' dir='ltr'><strong>vertice</strong></span> <span class='ocrx_word' id='word_1_466' title='bbox 1372 3891 1514 3956; x_wconf 89' lang='lat' dir='ltr'><strong>dominae</strong></span> <span class='ocrx_word' id='word_1_467' title='bbox 1545 3892 1747 3966; x_wconf 87' lang='lat' dir='ltr'><strong>discrucior“;</strong></span> <span class='ocrx_word' id='word_1_468' title='bbox 1776 3893 1908 3975; x_wconf 86' lang='lat' dir='ltr'><strong>denique</strong></span> <span class='ocrx_word' id='word_1_469' title='bbox 1936 3891 2081 3957; x_wconf 85' lang='lat' dir='ltr'><strong>carminis</strong></span> 
     </span>
     <span class='ocr_line' id='line_1_35' title="bbox 244 3987 2081 4079; baseline 0.003 -27"><span class='ocrx_word' id='word_1_470' title='bbox 244 3987 381 4052; x_wconf 80' lang='lat' dir='ltr'><strong>LXl&#39;lll</strong></span> <span class='ocrx_word' id='word_1_471' title='bbox 403 3990 505 4054; x_wconf 74' lang='lat' dir='ltr'><strong>verstri</strong></span> <span class='ocrx_word' id='word_1_472' title='bbox 530 3994 568 4055; x_wconf 88' lang='lat'><strong>19</strong></span> <span class='ocrx_word' id='word_1_473' title='bbox 592 3993 663 4070; x_wconf 76' lang='lat' dir='ltr'><strong>,sed</strong></span> <span class='ocrx_word' id='word_1_474' title='bbox 684 3999 788 4058; x_wconf 89' lang='lat' dir='ltr'><strong>totum</strong></span> <span class='ocrx_word' id='word_1_475' title='bbox 810 3994 870 4058; x_wconf 91' lang='lat' dir='ltr'><strong>hoc</strong></span> <span class='ocrx_word' id='word_1_476' title='bbox 892 3994 1029 4058; x_wconf 90' lang='lat' dir='ltr'><strong>studium</strong></span> <span class='ocrx_word' id='word_1_477' title='bbox 1050 3995 1189 4058; x_wconf 87' lang='lat' dir='ltr'><strong>fraterna</strong></span> <span class='ocrx_word' id='word_1_478' title='bbox 1212 3992 1287 4056; x_wconf 84' lang='grc'><strong>1111111</strong></span> <span class='ocrx_word' id='word_1_479' title='bbox 1316 4016 1399 4058; x_wconf 84' lang='lat' dir='ltr'><strong>mors</strong></span> <span class='ocrx_word' id='word_1_480' title='bbox 1421 3995 1569 4058; x_wconf 69' lang='lat' dir='ltr'><strong>abstulit*</strong></span> <span class='ocrx_word' id='word_1_481' title='bbox 1591 3993 1759 4079; x_wconf 87' lang='lat' dir='ltr'><strong>respondet</strong></span> <span class='ocrx_word' id='word_1_482' title='bbox 1778 4016 1883 4058; x_wconf 86' lang='lat' dir='ltr'><strong>versus</strong></span> <span class='ocrx_word' id='word_1_483' title='bbox 1911 3995 1951 4057; x_wconf 81' lang='lat'><strong>25</strong></span> <span class='ocrx_word' id='word_1_484' title='bbox 1974 3993 2081 4069; x_wconf 88' lang='lat' dir='ltr'><strong>„cuius</strong></span> 
     </span>
     <span class='ocr_line' id='line_1_36' title="bbox 244 4090 1108 4180; baseline 0.009 -27"><span class='ocrx_word' id='word_1_485' title='bbox 244 4113 304 4176; x_wconf 85' lang='lat' dir='ltr'><strong>ego</strong></span> <span class='ocrx_word' id='word_1_486' title='bbox 324 4090 455 4155; x_wconf 87' lang='lat' dir='ltr'><strong>interitu</strong></span> <span class='ocrx_word' id='word_1_487' title='bbox 477 4099 546 4156; x_wconf 91' lang='lat' dir='ltr'><strong>tota</strong></span> <span class='ocrx_word' id='word_1_488' title='bbox 567 4094 605 4158; x_wconf 93' lang='lat' dir='ltr'><strong>de</strong></span> <span class='ocrx_word' id='word_1_489' title='bbox 626 4101 730 4158; x_wconf 88' lang='lat' dir='ltr'><strong>mente</strong></span> <span class='ocrx_word' id='word_1_490' title='bbox 752 4095 860 4180; x_wconf 86' lang='lat' dir='ltr'><strong>fugavi</strong></span> <span class='ocrx_word' id='word_1_491' title='bbox 882 4097 959 4160; x_wconf 86' lang='lat' dir='ltr'><strong>haec</strong></span> <span class='ocrx_word' id='word_1_492' title='bbox 978 4096 1108 4160; x_wconf 73' lang='lat' dir='ltr'><strong>studia“¹</strong></span> 
     </span>
    </p>

    <p class='ocr_par' dir='ltr' id='par_1_3' title="bbox 243 4191 2146 5300">
     <span class='ocr_line' id='line_1_37' title="bbox 330 4191 2083 4283; baseline 0.003 -28"><span class='ocrx_word' id='word_1_493' title='bbox 330 4191 441 4276; x_wconf 80' lang='lat' dir='ltr'><strong>Neque</strong></span> <span class='ocrx_word' id='word_1_494' title='bbox 464 4199 567 4258; x_wconf 87' lang='lat' dir='ltr'><strong>tamen</strong></span> <span class='ocrx_word' id='word_1_495' title='bbox 589 4195 643 4259; x_wconf 86' lang='lat' dir='ltr'><strong>illa</strong></span> <span class='ocrx_word' id='word_1_496' title='bbox 664 4218 740 4261; x_wconf 89' lang='lat' dir='ltr'><strong>cura</strong></span> <span class='ocrx_word' id='word_1_497' title='bbox 761 4204 793 4262; x_wconf 88' lang='lat' dir='ltr'><strong>et</strong></span> <span class='ocrx_word' id='word_1_498' title='bbox 815 4197 978 4283; x_wconf 86' lang='lat' dir='ltr'><strong>diligentia</strong></span> <span class='ocrx_word' id='word_1_499' title='bbox 999 4199 1099 4262; x_wconf 89' lang='lat' dir='ltr'><strong>solum</strong></span> <span class='ocrx_word' id='word_1_500' title='bbox 1120 4197 1244 4283; x_wconf 86' lang='lat' dir='ltr'><strong>inopiae</strong></span> <span class='ocrx_word' id='word_1_501' title='bbox 1259 4196 1335 4261; x_wconf 89' lang='lat' dir='ltr'><strong>artis</strong></span> <span class='ocrx_word' id='word_1_502' title='bbox 1351 4197 1544 4262; x_wconf 87' lang='lat' dir='ltr'><strong>Catullianae</strong></span> <span class='ocrx_word' id='word_1_503' title='bbox 1559 4197 1736 4262; x_wconf 90' lang='lat' dir='ltr'><strong>testimonio</strong></span> <span class='ocrx_word' id='word_1_504' title='bbox 1753 4204 1799 4261; x_wconf 90' lang='lat' dir='ltr'><strong>est</strong></span> <span class='ocrx_word' id='word_1_505' title='bbox 1820 4196 1981 4260; x_wconf 89' lang='lat' dir='ltr'><strong>sedetiam</strong></span> <span class='ocrx_word' id='word_1_506' title='bbox 2005 4219 2083 4280; x_wconf 91' lang='lat' dir='ltr'><strong>poe-</strong></span> 
     </span>
     <span class='ocr_line' id='line_1_38' title="bbox 246 4294 2082 4384; baseline 0.003 -27"><span class='ocrx_word' id='word_1_507' title='bbox 246 4301 296 4358; x_wconf 88' lang='lat' dir='ltr'><strong>tae</strong></span> <span class='ocrx_word' id='word_1_508' title='bbox 318 4294 527 4378; x_wconf 85' lang='lat' dir='ltr'><strong>simplicitatis</strong></span> <span class='ocrx_word' id='word_1_509' title='bbox 550 4333 589 4343; x_wconf 94' lang='lat'><em>-</em></span> <span class='ocrx_word' id='word_1_510' title='bbox 614 4298 651 4360; x_wconf 89' lang='lat' dir='ltr'><strong>de</strong></span> <span class='ocrx_word' id='word_1_511' title='bbox 672 4321 708 4362; x_wconf 87' lang='lat' dir='ltr'><strong>ea</strong></span> <span class='ocrx_word' id='word_1_512' title='bbox 730 4298 878 4362; x_wconf 88' lang='lat' dir='ltr'><strong>nimirum</strong></span> <span class='ocrx_word' id='word_1_513' title='bbox 907 4298 1028 4383; x_wconf 88' lang='lat' dir='ltr'><strong>cogito,</strong></span> <span class='ocrx_word' id='word_1_514' title='bbox 1061 4321 1140 4380; x_wconf 86' lang='lat' dir='ltr'><strong>qnae</strong></span> <span class='ocrx_word' id='word_1_515' title='bbox 1162 4300 1304 4364; x_wconf 87' lang='lat' dir='ltr'><strong>consulto</strong></span> <span class='ocrx_word' id='word_1_516' title='bbox 1334 4298 1610 4384; x_wconf 79' lang='lat' dir='ltr'><strong>omniamrpedita</strong></span> <span class='ocrx_word' id='word_1_517' title='bbox 1642 4305 1675 4362; x_wconf 88' lang='lat' dir='ltr'><strong>et</strong></span> <span class='ocrx_word' id='word_1_518' title='bbox 1707 4305 1852 4364; x_wconf 88' lang='lat' dir='ltr'><strong>contorta</strong></span> <span class='ocrx_word' id='word_1_519' title='bbox 1873 4298 2010 4383; x_wconf 79' lang='lat' dir='ltr'><strong>defugIt,</strong></span> <span class='ocrx_word' id='word_1_520' title='bbox 2043 4321 2082 4362; x_wconf 89' lang='lat' dir='ltr'><strong>ne</strong></span> 
     </span>
     <span class='ocr_line' id='line_1_39' title="bbox 244 4395 2146 4486; baseline 0.003 -28"><span class='ocrx_word' id='word_1_521' title='bbox 244 4395 327 4460; x_wconf 83' lang='lat' dir='ltr'><strong>idern</strong></span> <span class='ocrx_word' id='word_1_522' title='bbox 350 4395 418 4462; x_wconf 88' lang='lat' dir='ltr'><strong>aliis</strong></span> <span class='ocrx_word' id='word_1_523' title='bbox 439 4397 542 4462; x_wconf 81' lang='lat' dir='ltr'><strong>verbis</strong></span> <span class='ocrx_word' id='word_1_524' title='bbox 565 4420 615 4462; x_wconf 87' lang='lat' dir='ltr'><strong>me</strong></span> <span class='ocrx_word' id='word_1_525' title='bbox 637 4398 738 4464; x_wconf 88' lang='lat' dir='ltr'><strong>dicere</strong></span> <span class='ocrx_word' id='word_1_526' title='bbox 761 4423 877 4485; x_wconf 88' lang='lat' dir='ltr'><strong>arguar</strong></span> <span class='ocrx_word' id='word_1_527' title='bbox 899 4437 939 4446; x_wconf 90' lang='lat'><em>-</em></span> <span class='ocrx_word' id='word_1_528' title='bbox 961 4423 1024 4482; x_wconf 89' lang='lat' dir='ltr'><strong>qua</strong></span> <span class='ocrx_word' id='word_1_529' title='bbox 1044 4400 1122 4464; x_wconf 91' lang='lat' dir='ltr'><strong>nihil</strong></span> <span class='ocrx_word' id='word_1_530' title='bbox 1144 4400 1295 4486; x_wconf 79' lang='lat' dir='ltr'><strong>insignius</strong></span> <span class='ocrx_word' id='word_1_531' title='bbox 1316 4407 1363 4464; x_wconf 86' lang='lat' dir='ltr'><strong>est</strong></span> <span class='ocrx_word' id='word_1_532' title='bbox 1384 4400 1417 4463; x_wconf 93' lang='lat' dir='ltr'><strong>in</strong></span> <span class='ocrx_word' id='word_1_533' title='bbox 1439 4400 1504 4463; x_wconf 91' lang='lat' dir='ltr'><strong>eius</strong></span> <span class='ocrx_word' id='word_1_534' title='bbox 1525 4405 1638 4463; x_wconf 89' lang='lat' dir='ltr'><strong>natura</strong></span> <span class='ocrx_word' id='word_1_535' title='bbox 1661 4406 1756 4481; x_wconf 89' lang='lat' dir='ltr'><strong>atque</strong></span> <span class='ocrx_word' id='word_1_536' title='bbox 1777 4401 1895 4476; x_wconf 79' lang='lat' dir='ltr'><strong>indole3</strong></span> <span class='ocrx_word' id='word_1_537' title='bbox 1926 4400 2081 4483; x_wconf 89' lang='lat' dir='ltr'><strong>adquam</strong></span> <span class='ocrx_word' id='word_1_538' title='bbox 2144 4442 2146 4446; x_wconf 89' lang='lat'>·</span> 
     </span>
     <span class='ocr_line' id='line_1_40' title="bbox 243 4499 2081 4587; baseline 0.003 -27"><span class='ocrx_word' id='word_1_539' title='bbox 243 4521 327 4563; x_wconf 88' lang='lat' dir='ltr'><strong>nunc</strong></span> <span class='ocrx_word' id='word_1_540' title='bbox 348 4503 551 4564; x_wconf 89' lang='lat' dir='ltr'><strong>transeamus.</strong></span> <span class='ocrx_word' id='word_1_541' title='bbox 594 4499 642 4562; x_wconf 86' lang='lat' dir='ltr'><strong>De</strong></span> <span class='ocrx_word' id='word_1_542' title='bbox 665 4521 728 4582; x_wconf 89' lang='lat' dir='ltr'><strong>qua</strong></span> <span class='ocrx_word' id='word_1_543' title='bbox 750 4523 786 4564; x_wconf 93' lang='lat' dir='ltr'><strong>eo</strong></span> <span class='ocrx_word' id='word_1_544' title='bbox 808 4501 933 4565; x_wconf 79' lang='lat' dir='ltr'><strong>brevius</strong></span> <span class='ocrx_word' id='word_1_545' title='bbox 956 4503 1007 4587; x_wconf 86' lang='lat' dir='ltr'><strong>agi</strong></span> <span class='ocrx_word' id='word_1_546' title='bbox 1030 4503 1161 4586; x_wconf 88' lang='lat' dir='ltr'><strong>poterit,</strong></span> <span class='ocrx_word' id='word_1_547' title='bbox 1185 4503 1269 4585; x_wconf 87' lang='lat' dir='ltr'><strong>quod</strong></span> <span class='ocrx_word' id='word_1_548' title='bbox 1291 4525 1327 4564; x_wconf 91' lang='lat' dir='ltr'><strong>ea</strong></span> <span class='ocrx_word' id='word_1_549' title='bbox 1357 4507 1511 4582; x_wconf 89' lang='lat' dir='ltr'><strong>quantum</strong></span> <span class='ocrx_word' id='word_1_550' title='bbox 1532 4501 1564 4563; x_wconf 93' lang='lat' dir='ltr'><strong>in</strong></span> <span class='ocrx_word' id='word_1_551' title='bbox 1587 4500 1759 4566; x_wconf 88' lang='lat' dir='ltr'><strong>minoribus</strong></span> <span class='ocrx_word' id='word_1_552' title='bbox 1781 4501 1970 4566; x_wconf 86' lang='lat' dir='ltr'><strong>carminibus</strong></span> <span class='ocrx_word' id='word_1_553' title='bbox 1990 4523 2081 4585; x_wconf 89' lang='lat' dir='ltr'><strong>prae-</strong></span> 
     </span>
     <span class='ocr_line' id='line_1_41' title="bbox 244 4600 2081 4689; baseline 0.002 -27"><span class='ocrx_word' id='word_1_554' title='bbox 244 4600 328 4664; x_wconf 88' lang='lat' dir='ltr'><strong>valet</strong></span> <span class='ocrx_word' id='word_1_555' title='bbox 350 4606 474 4665; x_wconf 83' lang='lat' dir='ltr'><strong>tantuin</strong></span> <span class='ocrx_word' id='word_1_556' title='bbox 495 4603 528 4664; x_wconf 92' lang='lat' dir='ltr'><strong>in</strong></span> <span class='ocrx_word' id='word_1_557' title='bbox 551 4600 658 4686; x_wconf 84' lang='lat' dir='ltr'><strong>elegiis</strong></span> <span class='ocrx_word' id='word_1_558' title='bbox 679 4603 811 4678; x_wconf 88' lang='lat' dir='ltr'><strong>recedit;</strong></span> <span class='ocrx_word' id='word_1_559' title='bbox 832 4626 933 4686; x_wconf 87' lang='lat' dir='ltr'><strong>neque</strong></span> <span class='ocrx_word' id='word_1_560' title='bbox 954 4609 1059 4668; x_wconf 89' lang='lat' dir='ltr'><strong>tamen</strong></span> <span class='ocrx_word' id='word_1_561' title='bbox 1081 4627 1208 4688; x_wconf 90' lang='lat' dir='ltr'><strong>prorsus</strong></span> <span class='ocrx_word' id='word_1_562' title='bbox 1230 4602 1458 4689; x_wconf 79' lang='lat' dir='ltr'><strong>praetereunda</strong></span> <span class='ocrx_word' id='word_1_563' title='bbox 1480 4609 1539 4677; x_wconf 89' lang='lat' dir='ltr'><strong>est,</strong></span> <span class='ocrx_word' id='word_1_564' title='bbox 1571 4603 1645 4684; x_wconf 87' lang='lat' dir='ltr'><strong>quia</strong></span> <span class='ocrx_word' id='word_1_565' title='bbox 1667 4625 1745 4686; x_wconf 88' lang='lat' dir='ltr'><strong>qnae</strong></span> <span class='ocrx_word' id='word_1_566' title='bbox 1774 4603 1892 4668; x_wconf 88' lang='lat' dir='ltr'><strong>lumina</strong></span> <span class='ocrx_word' id='word_1_567' title='bbox 1910 4603 1945 4666; x_wconf 92' lang='lat' dir='ltr'><strong>in</strong></span> <span class='ocrx_word' id='word_1_568' title='bbox 1965 4601 2013 4666; x_wconf 88' lang='lat' dir='ltr'><strong>his</strong></span> <span class='ocrx_word' id='word_1_569' title='bbox 2034 4602 2081 4666; x_wconf 90' lang='lat' dir='ltr'><strong>in·</strong></span> 
     </span>
     <span class='ocr_line' id='line_1_42' title="bbox 245 4702 2083 4790; baseline 0.001 -25"><span class='ocrx_word' id='word_1_570' title='bbox 245 4708 318 4766; x_wconf 90' lang='lat' dir='ltr'><strong>sunt</strong></span> <span class='ocrx_word' id='word_1_571' title='bbox 341 4703 380 4766; x_wconf 87' lang='lat' dir='ltr'><strong>ad</strong></span> <span class='ocrx_word' id='word_1_572' title='bbox 400 4702 485 4768; x_wconf 90' lang='lat' dir='ltr'><strong>illam</strong></span> <span class='ocrx_word' id='word_1_573' title='bbox 509 4703 671 4768; x_wconf 88' lang='lat' dir='ltr'><strong>referenda</strong></span> <span class='ocrx_word' id='word_1_574' title='bbox 692 4711 775 4769; x_wconf 88' lang='lat' dir='ltr'><strong>sunt.</strong></span> <span class='ocrx_word' id='word_1_575' title='bbox 820 4706 1021 4788; x_wconf 73' lang='lat' dir='ltr'><strong>Quantopere</strong></span> <span class='ocrx_word' id='word_1_576' title='bbox 1042 4705 1076 4769; x_wconf 92' lang='lat' dir='ltr'><strong>in</strong></span> <span class='ocrx_word' id='word_1_577' title='bbox 1097 4705 1249 4789; x_wconf 88' lang='lat' dir='ltr'><strong>poematis</strong></span> <span class='ocrx_word' id='word_1_578' title='bbox 1272 4703 1385 4768; x_wconf 89' lang='lat' dir='ltr'><strong>Catulli</strong></span> <span class='ocrx_word' id='word_1_579' title='bbox 1407 4711 1541 4788; x_wconf 88' lang='lat' dir='ltr'><strong>regnent</strong></span> <span class='ocrx_word' id='word_1_580' title='bbox 1564 4705 1659 4768; x_wconf 89' lang='lat' dir='ltr'><strong>animi</strong></span> <span class='ocrx_word' id='word_1_581' title='bbox 1680 4713 1784 4790; x_wconf 81' lang='lat' dir='ltr'><strong>mqtus</strong></span> <span class='ocrx_word' id='word_1_582' title='bbox 1808 4711 1839 4770; x_wconf 91' lang='lat' dir='ltr'><strong>et</strong></span> <span class='ocrx_word' id='word_1_583' title='bbox 1861 4706 2005 4782; x_wconf 86' lang='lat' dir='ltr'><strong>affectus,</strong></span> <span class='ocrx_word' id='word_1_584' title='bbox 2028 4705 2083 4788; x_wconf 87' lang='lat' dir='ltr'><strong>qui</strong></span> 
     </span>
     <span class='ocr_line' id='line_1_43' title="bbox 244 4803 2084 4891; baseline 0.003 -27"><span class='ocrx_word' id='word_1_585' title='bbox 244 4803 278 4866; x_wconf 93' lang='lat' dir='ltr'><strong>in</strong></span> <span class='ocrx_word' id='word_1_586' title='bbox 299 4803 364 4868; x_wconf 88' lang='lat' dir='ltr'><strong>irae</strong></span> <span class='ocrx_word' id='word_1_587' title='bbox 385 4804 511 4886; x_wconf 87' lang='lat' dir='ltr'><strong>odiique</strong></span> <span class='ocrx_word' id='word_1_588' title='bbox 532 4805 653 4888; x_wconf 88' lang='lat' dir='ltr'><strong>impetu</strong></span> <span class='ocrx_word' id='word_1_589' title='bbox 675 4828 739 4871; x_wconf 92' lang='lat' dir='ltr'><strong>non</strong></span> <span class='ocrx_word' id='word_1_590' title='bbox 760 4807 861 4871; x_wconf 90' lang='lat' dir='ltr'><strong>minus</strong></span> <span class='ocrx_word' id='word_1_591' title='bbox 884 4811 1054 4872; x_wconf 88' lang='lat' dir='ltr'><strong>cernuntur</strong></span> <span class='ocrx_word' id='word_1_592' title='bbox 1076 4829 1169 4888; x_wconf 72' lang='grc'><strong>1111111</strong></span> <span class='ocrx_word' id='word_1_593' title='bbox 1190 4807 1221 4874; x_wconf 91' lang='lat' dir='ltr'><strong>in</strong></span> <span class='ocrx_word' id='word_1_594' title='bbox 1246 4805 1358 4870; x_wconf 88' lang='lat' dir='ltr'><strong>amoris</strong></span> <span class='ocrx_word' id='word_1_595' title='bbox 1383 4813 1416 4870; x_wconf 90' lang='lat' dir='ltr'><strong>et</strong></span> <span class='ocrx_word' id='word_1_596' title='bbox 1430 4807 1592 4883; x_wconf 81' lang='lat' dir='ltr'><strong>amicItiae,</strong></span> <span class='ocrx_word' id='word_1_597' title='bbox 1615 4807 1778 4891; x_wconf 86' lang='lat' dir='ltr'><strong>perspicue</strong></span> <span class='ocrx_word' id='word_1_598' title='bbox 1804 4815 1945 4891; x_wconf 84' lang='lat' dir='ltr'><strong>apparet,</strong></span> <span class='ocrx_word' id='word_1_599' title='bbox 1973 4807 2000 4870; x_wconf 91' lang='lat' dir='ltr'><strong>si</strong></span> <span class='ocrx_word' id='word_1_600' title='bbox 2028 4829 2084 4870; x_wconf 92' lang='lat' dir='ltr'><strong>no·</strong></span> 
     </span>
     <span class='ocr_line' id='line_1_44' title="bbox 243 4906 2081 4993; baseline 0.002 -25"><span class='ocrx_word' id='word_1_601' title='bbox 243 4925 300 4968; x_wconf 93' lang='lat' dir='ltr'><strong>um</strong></span> <span class='ocrx_word' id='word_1_602' title='bbox 322 4927 446 4970; x_wconf 88' lang='lat' dir='ltr'><strong>carmen</strong></span> <span class='ocrx_word' id='word_1_603' title='bbox 466 4907 549 4972; x_wconf 89' lang='lat' dir='ltr'><strong>illius</strong></span> <span class='ocrx_word' id='word_1_604' title='bbox 571 4931 786 4993; x_wconf 88' lang='lat' dir='ltr'><strong>comparamus</strong></span> <span class='ocrx_word' id='word_1_605' title='bbox 809 4930 878 4972; x_wconf 89' lang='lat' dir='ltr'><strong>cum</strong></span> <span class='ocrx_word' id='word_1_606' title='bbox 901 4909 1024 4974; x_wconf 88' lang='lat' dir='ltr'><strong>Horatii</strong></span> <span class='ocrx_word' id='word_1_607' title='bbox 1047 4909 1183 4974; x_wconf 88' lang='lat' dir='ltr'><strong>carmine</strong></span> <span class='ocrx_word' id='word_1_608' title='bbox 1206 4906 1342 4972; x_wconf 81' lang='lat' dir='ltr'><strong>XXXVI</strong></span> <span class='ocrx_word' id='word_1_609' title='bbox 1363 4908 1436 4974; x_wconf 90' lang='lat' dir='ltr'><strong>libri</strong></span> <span class='ocrx_word' id='word_1_610' title='bbox 1464 4909 1566 4993; x_wconf 90' lang='lat' dir='ltr'><strong>primi.</strong></span> <span class='ocrx_word' id='word_1_611' title='bbox 1611 4909 1787 4993; x_wconf 90' lang='lat' dir='ltr'><strong>Utrumque</strong></span> <span class='ocrx_word' id='word_1_612' title='bbox 1809 4909 1891 4972; x_wconf 88' lang='lat' dir='ltr'><strong>enim</strong></span> <span class='ocrx_word' id='word_1_613' title='bbox 1914 4911 1952 4974; x_wconf 87' lang='lat' dir='ltr'><strong>de</strong></span> <span class='ocrx_word' id='word_1_614' title='bbox 1975 4909 2081 4974; x_wconf 87' lang='lat' dir='ltr'><strong>eadem</strong></span> 
     </span>
     <span class='ocr_line' id='line_1_45' title="bbox 246 5007 2082 5098; baseline 0.002 -28"><span class='ocrx_word' id='word_1_615' title='bbox 246 5007 372 5091; x_wconf 87' lang='lat' dir='ltr'><strong>quidem</strong></span> <span class='ocrx_word' id='word_1_616' title='bbox 393 5031 428 5072; x_wconf 90' lang='lat' dir='ltr'><strong>re</strong></span> <span class='ocrx_word' id='word_1_617' title='bbox 450 5009 518 5094; x_wconf 89' lang='lat' dir='ltr'><strong>agit</strong></span> <span class='ocrx_word' id='word_1_618' title='bbox 539 5012 593 5076; x_wconf 88' lang='lat' dir='ltr'><strong>sed</strong></span> <span class='ocrx_word' id='word_1_619' title='bbox 615 5033 708 5094; x_wconf 70' lang='lat' dir='ltr'><strong>(quarn</strong></span> <span class='ocrx_word' id='word_1_620' title='bbox 731 5011 865 5076; x_wconf 87' lang='lat' dir='ltr'><strong>diverse!</strong></span> <span class='ocrx_word' id='word_1_621' title='bbox 910 5013 995 5089; x_wconf 82' lang='lat' dir='ltr'><strong>Quae</strong></span> <span class='ocrx_word' id='word_1_622' title='bbox 1015 5011 1154 5075; x_wconf 89' lang='lat' dir='ltr'><strong>Catullus</strong></span> <span class='ocrx_word' id='word_1_623' title='bbox 1176 5011 1301 5098; x_wconf 88' lang='lat' dir='ltr'><strong>scripsit</strong></span> <span class='ocrx_word' id='word_1_624' title='bbox 1323 5034 1358 5075; x_wconf 90' lang='lat' dir='ltr'><strong>ea</strong></span> <span class='ocrx_word' id='word_1_625' title='bbox 1381 5035 1417 5075; x_wconf 87' lang='lat' dir='ltr'><strong>ex</strong></span> <span class='ocrx_word' id='word_1_626' title='bbox 1444 5011 1555 5076; x_wconf 88' lang='lat' dir='ltr'><strong>intimo</strong></span> <span class='ocrx_word' id='word_1_627' title='bbox 1584 5011 1765 5094; x_wconf 77' lang='lat' dir='ltr'><strong>laetitiaque</strong></span> <span class='ocrx_word' id='word_1_628' title='bbox 1793 5011 1952 5075; x_wconf 88' lang='lat' dir='ltr'><strong>exultante</strong></span> <span class='ocrx_word' id='word_1_629' title='bbox 1979 5010 2082 5077; x_wconf 90' lang='lat' dir='ltr'><strong>auimo</strong></span> 
     </span>
     <span class='ocr_line' id='line_1_46' title="bbox 245 5109 2084 5197; baseline 0.001 -23"><span class='ocrx_word' id='word_1_630' title='bbox 245 5111 388 5194; x_wconf 87' lang='lat' dir='ltr'><strong>profecta</strong></span> <span class='ocrx_word' id='word_1_631' title='bbox 409 5116 496 5187; x_wconf 89' lang='lat' dir='ltr'><strong>sunt,</strong></span> <span class='ocrx_word' id='word_1_632' title='bbox 519 5109 685 5178; x_wconf 87' lang='lat' dir='ltr'><strong>Horatium</strong></span> <span class='ocrx_word' id='word_1_633' title='bbox 706 5136 793 5179; x_wconf 86' lang='lat' dir='ltr'><strong>meus</strong></span> <span class='ocrx_word' id='word_1_634' title='bbox 821 5121 853 5177; x_wconf 90' lang='lat' dir='ltr'><strong>et</strong></span> <span class='ocrx_word' id='word_1_635' title='bbox 873 5113 955 5178; x_wconf 89' lang='lat' dir='ltr'><strong>ratio</strong></span> <span class='ocrx_word' id='word_1_636' title='bbox 978 5135 1083 5178; x_wconf 89' lang='lat' dir='ltr'><strong>versus</strong></span> <span class='ocrx_word' id='word_1_637' title='bbox 1112 5113 1214 5179; x_wconf 89' lang='lat' dir='ltr'><strong>facere</strong></span> <span class='ocrx_word' id='word_1_638' title='bbox 1240 5113 1364 5177; x_wconf 85' lang='lat' dir='ltr'><strong>videtur</strong></span> <span class='ocrx_word' id='word_1_639' title='bbox 1385 5113 1517 5178; x_wconf 89' lang='lat' dir='ltr'><strong>iussisse.</strong></span> <span class='ocrx_word' id='word_1_640' title='bbox 1562 5113 1662 5188; x_wconf 86' lang='lat' dir='ltr'><strong>Quam</strong></span> <span class='ocrx_word' id='word_1_641' title='bbox 1690 5112 1823 5196; x_wconf 90' lang='lat' dir='ltr'><strong>simplici</strong></span> <span class='ocrx_word' id='word_1_642' title='bbox 1850 5112 2084 5197; x_wconf 87' lang='lat' dir='ltr'><strong>pulchritudine</strong></span> 
     </span>
     <span class='ocr_line' id='line_1_47' title="bbox 246 5209 2085 5300; baseline 0.002 -26"><span class='ocrx_word' id='word_1_643' title='bbox 246 5217 293 5274; x_wconf 86' lang='lat' dir='ltr'><strong>est</strong></span> <span class='ocrx_word' id='word_1_644' title='bbox 314 5209 397 5276; x_wconf 86' lang='lat' dir='ltr'><strong>illius</strong></span> <span class='ocrx_word' id='word_1_645' title='bbox 420 5213 591 5292; x_wconf 88' lang='lat' dir='ltr'><strong>dubitati0,</strong></span> <span class='ocrx_word' id='word_1_646' title='bbox 619 5237 714 5298; x_wconf 89' lang='lat' dir='ltr'><strong>quam</strong></span> <span class='ocrx_word' id='word_1_647' title='bbox 735 5215 882 5300; x_wconf 86' lang='lat' dir='ltr'><strong>exprimit</strong></span> <span class='ocrx_word' id='word_1_648' title='bbox 910 5215 1049 5280; x_wconf 86' lang='lat' dir='ltr'><strong>versibus</strong></span> <span class='ocrx_word' id='word_1_649' title='bbox 1076 5216 1124 5279; x_wconf 89' lang='lat' dir='ltr'><strong>his</strong></span> <span class='ocrx_word' id='word_1_650' title='bbox 1156 5213 1325 5294; x_wconf 84' lang='lat' dir='ltr'><strong>„venistine</strong></span> <span class='ocrx_word' id='word_1_651' title='bbox 1348 5214 1474 5279; x_wconf 90' lang='lat' dir='ltr'><strong>domum</strong></span> <span class='ocrx_word' id='word_1_652' title='bbox 1503 5215 1542 5278; x_wconf 88' lang='lat' dir='ltr'><strong>ad</strong></span> <span class='ocrx_word' id='word_1_653' title='bbox 1568 5221 1638 5277; x_wconf 90' lang='lat' dir='ltr'><strong>tuos</strong></span> <span class='ocrx_word' id='word_1_654' title='bbox 1662 5219 1789 5299; x_wconf 90' lang='lat' dir='ltr'><strong>penates</strong></span> <span class='ocrx_word' id='word_1_655' title='bbox 1809 5215 1985 5298; x_wconf 87' lang='lat' dir='ltr'><strong>fratresque</strong></span> <span class='ocrx_word' id='word_1_656' title='bbox 2006 5237 2085 5278; x_wconf 90' lang='lat' dir='ltr'><strong>una-</strong></span> 
     </span>
    </p>
   </div>
   <div class='ocr_carea' id='block_1_2' title="bbox 0 0 2377 5954">
    <p class='ocr_par' dir='ltr' id='par_1_4' title="bbox 0 0 2377 5954">
     <span class='ocr_line' id='line_1_48' title="bbox 0 0 2377 5954; baseline 0 0"><span class='ocrx_word' id='word_1_657' title='bbox 0 0 2377 5954; x_wconf 95' lang='lat' dir='ltr'><strong> </strong></span> 
     </span>
    </p>
   </div>
  </div>
 </body>
</html>
