4726 5954
1068 452 1270 554 *Al-.-

252 689 309 756 per
329 667 363 732 in
383 663 580 752 paenultima
598 629 898 747 pentametrisede,
919 657 1009 730 cuius
1035 659 1135 744 ipsius
1156 657 1261 744 gratia
1291 657 1452 724 Tibullum
1473 659 1592 745 aliquid
1611 660 1672 728 sibi
1702 665 1869 748 sumpsisse
1901 667 1965 732 iam
1985 685 2083 752 snpra

252 767 396 835 vidimus.
440 765 544 845 Quid?
565 761 650 847 quod
669 761 704 826 in
725 761 835 826 eodem
855 759 924 826 loco
945 760 1126 844 saepissime
1145 759 1236 824 nobis
1257 768 1427 826 occurrunt
1448 763 1636 847 pronomina
1656 764 1729 829 ille
1750 771 1783 831 et
1803 766 1907 852 ipse,
1934 789 2015 852 quae
2035 781 2086 834 re·

251 871 351 938 lativo
373 867 558 954 pronomine
578 864 763 949 plerumque
783 861 986 928 antecedente
1006 881 1236 946 supervacanea
1256 881 1481 945 nonnunquam
1503 867 1535 928 et
1554 863 1692 950 pedestri
1721 867 1822 952 magis
1843 869 1979 935 sermoni
2010 873 2086 956 apta

252 995 351 1057 quem
370 969 458 1057 poesi
478 965 626 1031 videntur
659 986 724 1030 eme
746 963 830 1047 (vide
852 961 877 1039 Ι,
897 963 928 1039 2,
949 963 1000 1040 56,
1021 963 1078 1038 68;
1110 963 1140 1039 4,
1162 963 1213 1040 52,
1236 963 1289 1039 72;
1316 963 1424 1040 111
1452 964 1481 1042 8,
1502 964 1558 1042 48;
1582 966 1631 1044 10,
1652 967 1689 1044 2;
1718 971 1747 1047 6,
1769 970 1825 1044 283
1858 967 1900 1048 Il,
1923 971 1951 1048 1,
1974 971 2032 1046 7ος
2053 973 2083 1050 3,

131 1097 155 1122 ·.
215 1109 218 1112 ·
254 1077 312 1151 ae,
333 1073 434 1150 esc,
455 1073 506 1146 36,
527 1069 585 1143 66;
613 1064 669 1143 IV,
692 1067 740 1142 13,
763 1066 806 1147 8).
850 1062 995 1148 Imperiti
1028 1065 1129 1150 igitur
1158 1067 1205 1128 est
1231 1062 1367 1148 opinari,
1400 1063 1519 1129 bonum
1539 1073 1665 1150 poetam
1692 1091 1853 1154 nunquam
1880 1092 2085 1136 numerorum

253 1174 438 1241 necessitate
459 1169 571 1235 debere
593 1165 679 1252 cogi,
699 1169 796 1248 atque
818 1165 913 1230 etiam
934 1176 1081 1230 ornatum
1106 1164 1249 1236 consulto
1271 1167 1452 1230 arcessitum
1474 1167 1508 1230 in
1535 1165 1573 1230 iis
1595 1167 1827 1253 deprehendere
1847 1171 1951 1250 rebus,
1972 1172 2087 1256 quibus

253 1282 348 1363 poeta
368 1273 454 1338 illam
477 1277 646 1354 contegere
666 1265 796 1333 studuit.

338 1373 430 1452 cuod
450 1373 477 1437 si
499 1369 693 1436 detrahimus
715 1368 753 1433 de
773 1371 841 1434 arte
862 1367 995 1445 Tibulli,
1023 1368 1098 1432 11111
1119 1387 1276 1452 superque
1296 1367 1453 1451 reliquum
1474 1375 1535 1446 est,
1556 1369 1639 1434 unde
1662 1375 1814 1453 quantum
1836 1371 1890 1436 ille
1917 1372 2087 1457 profecerit

253 1499 290 1545 co
336 1477 401 1542 osci
421 1474 525 1538 liceat.

291 1499 445 1660 gnAtque
465 1574 603 1659 primum
624 1571 751 1656 quidem
772 1591 844 1634 cnm
866 1571 898 1636 id
919 1571 980 1636 sibi
1002 1571 1219 1656 praecepisset,
1241 1569 1326 1652 quod
1348 1570 1412 1634 iam
1432 1591 1527 1655 supra
1547 1571 1660 1636 leviter
1679 1573 1791 1658 attigi,
1812 1578 1850 1638 nt
1864 1573 1998 1640 disticho
2020 1575 2094 1659 ple-'

253 1699 388 1762 rumque
408 1696 472 1741 unc
492 1673 676 1739 tenninaret
696 1672 874 1756 periodum,
903 1671 1098 1756 imposuerat
1123 1671 1184 1736 sibi
1206 1671 1308 1756 legem
1336 1671 1565 1736 incommodam
1593 1671 1719 1755 quidem
1741 1709 1782 1721 -
1804 1673 1881 1757 quid
1913 1676 1997 1740 enim
2020 1696 2088 1741 mo·

254 1780 364 1845 lectius
385 1783 433 1843 est
453 1797 548 1860 quam
568 1773 602 1838 in
623 1773 782 1839 doloribus
810 1773 861 1837 vel
883 1774 1121 1857 quibuscunque
1142 1773 1238 1838 animi
1260 1768 1521 1837 commotionibus
1543 1779 1661 1838 certam
1686 1775 1836 1840 sermonis
1863 1768 2087 1858 aequalitatem

255 1883 436 1957 observare,
457 1873 619 1961 quasillis
640 1874 840 1940 vehementer
865 1881 1087 1961 repugnat—
1108 1879 1215 1939 111111
1240 1879 1373 1940 naturae
1396 1873 1484 1957 quasi
1511 1873 1637 1939 distichi
1666 1881 1732 1942 tarn
1758 1883 1867 1961 aptam
1893 1882 1990 1959 atque
2013 1898 2088 1963 pro-

254 1985 373 2068 priam,
393 1985 431 2045 ut
450 1978 641 2064 singularem
660 1975 899 2061 legitimamque
920 1975 1090 2062 elegiarum
1112 1997 1253 2040 normam
1275 1977 1430 2041 invenisse
1450 1976 1607 2062 putandus
1628 1975 1678 2041 111.
1722 1975 1849 2041 Etenim
1870 1998 1941 2042 eum
1961 1979 2085 2043 numeri

255 2084 380 2150 illarum
401 2081 580 2166 expriment
600 2078 697 2144 fontis
718 2077 905 2162 imaginem,
932 2077 1020 2142 ouius
1041 2097 1125 2160 aqua
1151 2078 1184 2142 in
1206 2077 1306 2142 altum
1333 2077 1461 2161 expulsa
1487 2075 1521 2140 11
1541 2097 1574 2141 11
1601 2077 1686 2142 cadit
1713 2082 1746 2142 et
1772 2078 1972 2159 absorbetur,
2002 2079 2087 2163 quod

255 2184 422 2251 Schillerus
443 2187 566 2247 nostres
587 2179 707 2265 optime
726 2177 773 2243 ita
795 2177 972 2263 descripsit:

677 2280 744 2359 „Im
762 2279 950 2345 Hexameter
971 2279 1069 2365 steigt
1090 2280 1143 2344 des
1165 2279 1382 2366 Springqnells
1404 2278 1529 2365 fittssige
1552 2278 1658 2357 811111,

738 2381 787 2445 Im
808 2381 1008 2446 Pentameter
1029 2381 1123 2446 drauf
1140 2380 1275 2446 1111111
1296 2379 1467 2448 melodisch
1487 2380 1602 2445 berab“

255 2485 397 2552 Tibullus
418 2485 522 2570 legem
542 2482 629 2546 illam
648 2489 772 2547 secutus
794 2503 865 2546 cum
885 2487 955 2547 tcto
977 2481 1113 2546 carmine
1141 2489 1210 2547 tmn
1231 2482 1362 2568 siugulis
1385 2481 1524 2548 distichis
1545 2481 1726 2548 fluctuantis
1748 2480 1844 2546 animi
1871 2485 1989 2561 111111,
2018 2483 2086 2567 qui-

254 2590 314 2652 bus
337 2589 477 2652 amantes
504 2583 619 2670 agitari
647 2583 763 2658 solent,
796 2583 914 2668 optimc
935 2581 1076 2646 imitetur
1098 2587 1153 2650 est.
1198 2583 1267 2661 Qua
1290 2605 1328 2648 11
1348 2589 1439 2670 parte
1471 2583 1498 2648 si
1519 2605 1590 2648 eum
1612 2603 1828 2668 comparamus
1861 2600 1933 2646 eum
1955 2582 2088 2662 Catullo,
2193 2621 2196 2630 ·

257 2687 311 2770 qui
332 2684 518 2751 nouaclum
538 2684 683 2771 periodos
711 2692 796 2750 amat
827 2684 881 2750 sed
908 2683 1003 2748 etiam
1024 2705 1138 2768 perum
1158 2691 1263 2762 cavet,
1297 2685 1441 2750 1111111
1462 2684 1596 2750 disticha
1616 2685 1685 2770 ipsa
1705 2685 1782 2750 fines
1803 2683 2030 2749 sententiarum
2051 2703 2087 2749 ac

255 2808 458 2853 numerorum
479 2786 678 2852 vehementer
700 2786 892 2872 discrepent,
913 2785 997 2849 hunc
1019 2785 1157 2850 videmus
1179 2785 1328 2863 tironem,
1363 2787 1413 2850 cui
1435 2787 1513 2852 aliae
1534 2786 1608 2851 11111
1632 2791 1664 2850 11
1684 2785 1834 2850 sermonis
1856 2791 1889 2850 et
1907 2785 1999 2849 metri
2032 2786 2088 2850 ob-

256 2890 384 2954 stabant
404 2887 620 2967 difficultates,
641 2888 806 2973 quominus
829 2888 931 2972 legem
952 2885 1037 2952 illam
1063 2887 1203 2954 invenire
1225 2893 1344 2972 posset,
1375 2893 1431 2952 aut
1451 2887 1477 2952 si
1498 2888 1562 2952 iem
1583 2887 1712 2952 inventa
1733 2891 1801 2952 1111
1821 2886 1962 2971 accipere
1984 2886 2088 2964 vellet,

256 2990 346 3054 illum
367 2994 473 3054 autem
493 2995 620 3075 poetam
642 3012 707 3054 esse
728 2993 794 3054 tam
819 2988 970 3054 artificem
991 2993 1028 3052 ut
1049 2988 1134 3053 salve
1153 2987 1269 3072 ubique
1295 2988 1495 3073 simplicitate
1517 3010 1597 3073 quae
1618 2988 1780 3074 cogitabat
1801 3011 1838 3052 ee
1859 2986 2089 3053 accuratissime

256 3091 405 3156 scriberet
427 3095 460 3154 11
478 3091 574 3156 animi
601 3090 873 3176 perturbationum
904 3089 1132 3154 vehementiam
1153 3097 1249 3173 atque
1282 3090 1346 3154 vim
1367 3112 1569 3155 numerorum
1601 3089 1813 3173 sermonisque
1844 3089 1976 3153 vinculis
1998 3089 2087 3172 quasi

257 3197 422 3257 coerceret
465 3191 513 3257 Ex
536 3191 669 3256 eiusdem
700 3191 783 3256 illius
804 3191 883 3278 legis
905 3190 1103 3256 observantia
1125 3197 1195 3257 orta
1222 3197 1268 3256 est
1289 3191 1438 3256 sermonis
1460 3191 1630 3256 1111111111
1656 3191 1846 3277 proprietas,
1882 3209 1990 3272 quam,
2019 3211 2090 3255 cum

256 3295 317 3358 buc
338 3293 448 3358 melius
468 3293 640 3379 pertineat,
661 3315 757 3379 supra
777 3291 888 3358 omisi'
919 3291 1045 3356 Etenim
1066 3314 1137 3356 cnm
1157 3291 1189 3357 in
1213 3301 1303 3358 tanta
1337 3292 1562 3359 sententiarum
1584 3292 1739 3358 brevitate
1760 3292 1881 3378 saepius
1903 3313 1998 3376 quam
2032 3291 2091 3356 Oa-

257 3397 352 3458 tnllus
373 3393 516 3480 indigeat
535 3395 711 3482 particulis,
741 3395 853 3479 quibus
875 3393 1016 3477 singulae
1038 3399 1277 3472 connectantur,
1299 3395 1354 3459 has
1376 3417 1450 3460 vero
1471 3395 1642 3460 identidem
1663 3399 1806 3478 repetere
1827 3415 1898 3457 cum
1919 3391 2090 3458 incommo-

258 3495 332 3559 dum
355 3501 387 3559 et
408 3496 569 3560 molestum
592 3502 660 3561 tum
681 3521 700 3561 a
718 3495 806 3583 poesi
826 3495 960 3560 maxime
982 3495 1117 3560 alienum
1138 3496 1194 3574 sit,
1223 3497 1262 3560 ad
1284 3497 1358 3562 alias
1381 3498 1551 3582 confugere
1579 3495 1715 3562 rationes
1736 3501 1861 3559 coaetus
1884 3500 1961 3561 erat.
2006 3495 2090 3572 Qua·

257 3617 328 3660 rum
349 3595 550 3661 usitatissima
571 3621 668 3681 eaque
688 3596 915 3682 simplicissima
936 3603 983 3661 est
1004 3597 1165 3681 anaphora
1191 3619 1246 3662 seu
1268 3599 1371 3684 figura
1392 3621 1443 3676 ea,
1471 3621 1551 3683 quae
1572 3599 1609 3662 fit
1631 3597 1768 3663 eiusdem
1794 3596 1881 3662 verbi
1903 3597 1937 3660 in
1965 3599 2089 3661 senten-

257 3696 373 3762 tiarum
395 3695 556 3781 principiis
576 3699 777 3783 repetitione,
800 3721 862 3783 qua
884 3723 920 3764 eo
943 3698 1089 3764 libentius
1109 3721 1186 3764 11111
1208 3705 1255 3763 est
1277 3700 1364 3783 quia,
1387 3721 1458 3764 cum
1472 3723 1619 3786 magnam
1640 3699 1704 3762 vim
1725 3697 1840 3762 hebeat
1861 3699 1901 3763 ad
1915 3696 2090 3782 exprimen-

257 3799 332 3863 dum
354 3799 493 3863 animum
513 3797 564 3861 vel
584 3798 720 3864 molliter
741 3801 791 3865 vel
810 3801 950 3886 graviter
972 3805 1177 3878 commotum,
1199 3800 1317 3886 elegiae
1338 3800 1471 3866 maxime
1492 3801 1622 3888 propria
1643 3808 1699 3867 est.
1729 3799 1819 3865 Hanc
1833 3823 1942 3864 veroa
1963 3798 2088 3862 Tibullo

257 3921 321 3964 non
341 3899 433 3963 unius
454 3900 630 3964 ornamenti
662 3923 755 3965 causa
779 3901 951 3967 adhibitam
979 3925 1043 3967 esse
1076 3903 1129 3966 sed
1156 3904 1339 3987 popularem
1368 3902 1456 3988 quasi
1486 3903 1579 3967 fuisse
1606 3903 1678 3967 inde
1700 3906 1847 3988 apparet,
1881 3901 1964 3986 quod
1985 3901 2037 3964 vel
2057 3899 2090 3962 in

259 4001 446 4066 carminibus
467 3999 650 4080 Homericis,
672 4023 806 4084 quorum
825 4007 934 4066 auctor
956 4009 1040 4068 certe
1061 4025 1125 4068 non
1146 4004 1276 4088 cupidus
1299 4009 1367 4070 erat
1381 4006 1563 4091 figurarum,
1585 4004 1763 4090 saepissime
1782 4003 1952 4068 iuvenitur.
1984 4001 2086 4084 (Iliad.

257 4105 381 4182 11671,
403 4104 475 4181 837,
497 4103 568 4181 850,
597 4107 620 4180 ζ,
645 4104 715 4180 154,
741 4105 813 4182 396,
835 4130 865 4182 η,
888 4105 957 4180 138,
978 4131 1011 4184 μ,
1033 4107 1083 4180 96,
1112 4130 1140 4167 σ.
1163 4107 1234 4182 399,
1261 4131 1289 4182 υ,
1311 4108 1383 4183 372,
1406 4132 1438 4188 q,
1467 4107 1516 4184 86,
1544 4131 1572 4186 χ,
1604 4106 1688 4188 128).
1732 4105 1861 4170 Minime
1894 4104 1900 4116 '
1929 4105 1991 4168 'tur
2018 4102 2090 4166 Pal-

260 4203 350 4267 damo
363 4202 390 4286 ¹)
411 4203 574 4283 assentior,
596 4204 651 4289 qui
671 4204 705 4269 in
727 4203 785 4268 hac
807 4205 964 4288 frequenti
985 4204 1171 4290 repetitione
1200 4227 1270 4270 cum
1293 4207 1424 4271 eliorum
1445 4207 1669 4271 vocabulorum
1695 4211 1764 4271 tum
1784 4206 2005 4292 pronominum
2020 4202 2090 4268 ille

259 4310 291 4370 et
312 4304 411 4390 ipse,
432 4304 570 4390 iamper
591 4330 638 4386 se,
667 4306 785 4382 nteit,
817 4306 985 4370 admodum
1006 4306 1266 4392 significantium,
1299 4307 1472 4373 rhetoricae
1494 4308 1613 4392 aliquid
1645 4308 1721 4373 artis
1741 4308 1892 4393 reperisse
1924 4305 1983 4370 sibi
2005 4305 2088 4369 viarm

258 4411 315 4472 est.
362 4404 399 4469 ln
418 4405 520 4471 animo
542 4409 672 4474 fortasse
693 4407 805 4473 habuit
824 4407 918 4472 etiam
941 4408 1127 4492 particulam
1149 4407 1379 4474 adversativam
1401 4415 1456 4487 at,
1478 4433 1558 4494 quae
1579 4421 1645 4474 tam
1660 4409 1805 4492 frequens
1828 4414 1883 4486 cst,
1906 4413 1942 4471 ut
1963 4406 1988 4470 si
2010 4428 2090 4470 sem-

258 4531 315 4593 per
337 4529 406 4572 eam
426 4505 490 4570 vim
510 4506 653 4586 haberet,
680 4532 775 4592 quam
796 4508 961 4575 Paldamus
990 4508 1225 4596 pronominibus
1252 4509 1313 4574 illis
1342 4510 1455 4576 tribuit
1481 4533 1636 4596 quamque
1663 4511 1697 4576 in
1724 4509 1827 4574 soluta
1854 4507 1993 4572 oratione
2015 4529 2089 4571 sane

259 4609 373 4673 habere
394 4607 489 4685 solet,
521 4632 619 4692 paene
640 4611 798 4676 fastidium
819 4613 972 4676 lectorum
993 4611 1102 4675 1111111
1125 4611 1260 4676 afferret.
1304 4611 1382 4676 (lum
1402 4635 1476 4678 vero
1497 4612 1653 4677 rarissime
1673 4611 1822 4697 logicam,
1856 4614 1890 4673 ut
1912 4609 1957 4672 ita
1979 4606 2090 4686 dicam,

258 4709 373 4775 habeat
393 4710 456 4774 vim
478 4711 531 4775 sed
552 4710 585 4774 id
605 4717 729 4775 tantum
749 4714 933 4797 plerumque
955 4713 1070 4790 valeat,
1091 4720 1128 4778 ut
1150 4712 1216 4778 sine
1237 4714 1302 4778 ulla
1322 4713 1518 4780 adversative
1539 4713 1666 4777 notione
1688 4712 1780 4777 aliem
1802 4709 1945 4796 imaginis
1967 4715 2090 4794 partem

258 4811 311 4877 alii
334 4816 490 4897 opponat,
511 4817 549 4875 ut
570 4811 603 4876 iu
623 4813 868 4897 praeclarissima
889 4815 942 4879 1111
964 4815 1052 4898 elysii
1074 4815 1282 4902 descriptione
1304 4815 1327 4892 1,
1350 4819 1379 4892 3,
1402 4818 1442 4880 63
1465 4819 1496 4880 11
1517 4813 1710 4898 saepissime,
1739 4811 1916 4896 frequentia
1938 4810 2003 4874 eius
2025 4833 2091 4876 uon

259 4913 357 4998 magis
380 4912 566 4978 offendimur
588 4935 682 4998 quem
703 4913 736 4978 in
758 4913 853 4980 Iliade
875 4921 908 4980 et
929 4915 1067 4999 Odyssea
1097 4917 1251 5002 particula
1274 4913 1363 4981 ἀλλά.
1406 4915 1498 4980 Nude
1520 4915 1618 5000 igitur
1641 4919 1672 4978 et
1699 4914 1764 4978 fere
1786 4911 1952 4978 Homerica
1973 4911 2091 4998 simpli-

260 5011 354 5076 citate
381 5014 523 5080 Tibullus
553 5014 686 5080 disticha
714 5016 881 5080 connexuit
907 5016 953 5081 ita
980 5022 1017 5081 ut
1044 5018 1260 5104 perspicuitati
1292 5017 1392 5104 magis
1420 5038 1513 5100 quam
1546 5015 1721 5100 elegantiae
1750 5013 1904 5080 studuisse
1936 5014 2090 5080 videatur.

261 5157 467 5170 --..-.-...-,
496 5163 501 5172 Ι

314 5231 339 5298 l)
358 5230 386 5282 11
404 5231 480 5294 11111,
498 5237 542 5303 qui
561 5235 715 5290 inscribitur
731 5236 800 5296 „Die
817 5235 960 5291 Rdmiscbe
977 5236 1099 5292 Erotilr.“
