4726 5954
1023 417 1225 516 „Ji-.-

209 630 389 706 antecedat,
413 627 540 693 alterius
562 623 749 689 hemistichii
771 623 924 707 optimam
946 622 1079 686 formam
1101 620 1231 685 Ovidius
1254 622 1378 685 demum
1399 622 1425 686 si
1445 644 1508 686 non
1529 622 1650 688 invenit
1671 629 1705 690 at
1727 631 1811 690 certe
1833 626 1904 710 lege
1927 627 2043 695 coristi-

207 734 280 797 tuit.
325 731 356 794 Is
378 729 461 794 enim
482 725 600 812 primus
633 733 728 808 atque
750 725 832 789 solus
855 745 926 787 cnm
948 723 1159 806 intellegeret,
1194 744 1358 786 nnmerum
1381 723 1464 786 illius
1487 725 1639 788 vocabulo
1662 726 1827 808 trisyllabo
1849 727 1883 792 ιιι
1904 729 1965 792 tine
1987 750 2045 814 po-

207 834 268 898 sito
291 832 381 898 nimis
404 829 617 904 vehementer,
642 825 856 908 monosyllabo
878 823 970 888 nimis
993 824 1128 907 abrupte
1150 824 1270 900 eadere,
1292 822 1324 886 id
1346 824 1405 887 sibi
1418 823 1592 910 praecepit,
1616 831 1653 890 ιιι
1674 848 1796 911 semper
1811 833 2045 912 pentametrum

206 935 313 998 liniret
336 930 497 1014 bisyllabo
542 929 642 1005 Quaem
665 929 767 1010 legem
788 949 807 990 a
828 924 953 988 Tibullo
976 927 1115 990 nondum
1136 925 1334 988 observatam
1357 926 1599 1011 quidem-fuisse
1621 931 1752 1006 constat,
1777 928 1919 1011 quamvis
1941 952 2045 1014 quon-

209 1035 281 1100 dam
303 1031 514 1098 emendatores
539 1029 624 1094 illam
646 1028 674 1093 ei
696 1027 853 1092 vindicare
875 1027 1068 1100 studuerint,
1092 1031 1197 1090 tamen
1220 1027 1274 1106 qui
1297 1047 1461 1090 nnmerum
1483 1049 1644 1103 versuum,
1668 1027 1700 1092 ιιι
1724 1028 1837 1110 quibus
1869 1030 1987 1096 violata
2009 1055 2045 1096 ea

208 1146 269 1212 est,
293 1139 452 1218 comparet
474 1153 545 1196 oum
567 1151 697 1194 numero
720 1126 966 1192 Οιιιιιιιιιιοιιιιιι
989 1150 1059 1192 eum
1080 1126 1192 1210 fugere
1213 1147 1276 1190 non
1299 1134 1419 1209 potest,
1442 1126 1546 1204 illum,
1580 1127 1717 1192 naturali
1739 1131 1840 1214 magis
1873 1153 1965 1195 sensu
1988 1132 2045 1195 dn-

209 1245 297 1302 cente
319 1256 413 1319 quam
433 1239 518 1310 arte,
543 1230 738 1312 aliquantum
759 1227 936 1312 profecisse.
980 1227 1063 1292 Nam
1086 1249 1158 1291 curn
1173 1229 1256 1290 inter
1277 1228 1361 1292 mille
1377 1233 1534 1292 trecentos
1556 1229 1718 1314 sexaginta
1733 1235 1885 1312 quattuor
1907 1231 1961 1315 qui
1979 1253 2046 1296 om-

209 1342 284 1403 nino
306 1339 457 1422 leguntur
478 1355 585 1398 versus
607 1331 798 1414 quadragint
799 1353 818 1394 a
837 1335 964 1393 tautum
985 1338 1104 1414 septem
1127 1329 1306 1410 alioatatque
1328 1328 1481 1442 bisyllabo
1504 1329 1608 1395 finivit
1630 1329 1797 1406 vocabulo,
1819 1330 1960 1397 Catullus
1976 1336 2046 1418 qui-

211 1445 332 1506 treccnt
335 1460 368 1503 os
393 1435 508 1520 viginti
531 1456 584 1497 sex
604 1454 710 1496 versus
733 1431 871 1514 elegiaco
900 1453 1029 1496 numero
1058 1429 1244 1513 composuit,
1267 1439 1378 1514 except
1379 1432 1404 1493 is
1427 1431 1575 1495 nimirum
1596 1437 1634 1494 ut
1655 1453 1778 1517 semper
1800 1434 2045 1518 epigrammatis,

210 1541 430 1606 duodecenties
452 1559 471 1601 a
492 1555 602 1599 norma
622 1541 660 1600 ut
683 1535 727 1597 ita
749 1533 850 1596 dicam
872 1533 960 1644 legit
953 1555 1015 1596 rnna
1037 1533 1173 1597 deflexit.

297 1642 407 1704 Restat
433 1643 470 1702 ut
492 1643 591 1720 quant
591 1657 646 1698 um
667 1638 877 1718 argument
889 1634 918 1696 is
940 1633 1023 1698 inter
1038 1657 1070 1698 se
1093 1634 1240 1698 differant
1256 1633 1375 1717 elegiae
1395 1631 1591 1698 Tibulliamae
1612 1639 1645 1697 et
1666 1634 1859 1700 Catullianae
1882 1658 2044 1720 exponam.

212 1744 256 1808 Ut
278 1763 352 1806 vero
375 1743 403 1805 ei
426 1740 481 1822 qui
503 1741 536 1801 in
559 1745 626 1802 arte
648 1735 905 1820 aliqnaproficerc
927 1736 1045 1814 studet,
1068 1735 1100 1798 id
1122 1734 1320 1820 potissimum
1341 1734 1499 1818 agendum
1521 1737 1581 1808 ιιι,
1603 1743 1641 1799 ut
1663 1737 1805 1819 priorum
1827 1736 1906 1802 vitia
1928 1736 2046 1802 devitet

210 1847 254 1909 sic
276 1841 419 1908 Tibullus
441 1861 512 1905 cum
533 1839 573 1904 ad
595 1839 710 1922 elegias
732 1836 910 1901 scribendas
932 1837 1109 1912 accederet,
1131 1839 1270 1921 primum
1292 1856 1382 1900 snum
1405 1836 1502 1920 ipsius
1524 1835 1674 1900 iudicium
1703 1837 1800 1901 libere
1822 1839 1909 1920 sequi
1933 1839 2047 1904 nraluit

211 1969 308 2030 quam
329 1942 625 2012 Alexandrinorum,
648 1961 782 2020 qnorum
803 1937 1013 2002 imitationem
1040 1938 1127 2023 poesi
1157 1938 1227 2022 plns
1261 1959 1372 2000 nocere
1395 1959 1488 2020 quam
1521 1937 1667 2020 prodesse
1691 1938 1831 2022 exemplo
1865 1939 2043 2005 Catulliano

211 2052 338 2115 edoctus
361 2053 436 2109 erat.
482 2045 568 2119 Quae
589 2040 717 2106 libertas
733 2041 869 2126 primum
891 2040 963 2103 inde
986 2039 1194 2124 cognoscitur,
1216 2039 1301 2122 quod
1322 2037 1387 2101 fere
1409 2040 1500 2102 esurie
1515 2038 1599 2123 fugit
1621 2059 1746 2102 omnem
1767 2037 1951 2116 doctrinam,
1966 2061 2047 2123 quae

210 2152 294 2237 apud
317 2147 473 2212 Catullum
498 2146 530 2207 in
552 2142 664 2206 fabulis
687 2143 900 2226 exemplisque
932 2142 1056 2225 longius
1078 2141 1187 2224 petitis
1209 2161 1383 2224 parmaque
1405 2141 1444 2204 ad
1476 2139 1579 2224 ipsum
1601 2145 1822 2224 argumentum
1856 2142 1939 2225 aptis
1960 2143 2046 2206 cerni

208 2258 344 2340 poterat.
389 2248 483 2312 Dicat
505 2245 636 2310 fortasse
659 2246 830 2328 quispiam,
852 2269 871 2310 a
892 2244 1018 2308 Tibullo
1041 2264 1166 2326 quoque
1189 2241 1319 2318 Ιιιοιιιι,
1342 2240 1442 2324 Tityi,
1465 2240 1605 2316 Tantali,
1636 2240 1830 2318 Danaidum,
1859 2242 1987 2306 Admeti
2016 2266 2049 2306 ι-

209 2356 320 2438 iusque
342 2350 423 2415 servi
446 2347 616 2432 Apollinis,
638 2345 772 2409 aliorum
793 2346 925 2410 heroum
945 2345 1135 2410 mentionem
1157 2344 1234 2408 lieri.
1279 2343 1340 2408 Sed
1363 2341 1408 2405 illi
1435 2341 1468 2406 in
1490 2342 1651 2425 praeclara
1678 2341 1882 2408 Tartarorum
1911 2342 2049 2428 descrip-

209 2459 297 2521 tione
320 2452 358 2535 (Ι,
381 2455 409 2524 3,
434 2451 474 2512 59
497 2449 557 2530 sq.)
579 2448 665 2511 ultro
686 2446 775 2530 «quasi
797 2453 908 2530 poetae
930 2470 963 2509 se
985 2447 1159 2511 offerebant
1181 2453 1212 2510 et
1228 2444 1371 2508 omnibns
1393 2449 1460 2508 tam
1480 2443 1548 2507 noti
1570 2449 1669 2519 erant,
1692 2447 1727 2508 ιιι
1749 2465 1839 2508 nemo
1863 2443 1918 2525 qui
1940 2445 1978 2508 dc
2000 2443 2048 2508 in-

212 2557 285 2620 feris
306 2552 448 2626 audiret:
466 2550 504 2612 de
525 2547 586 2612 illis
609 2571 670 2613 non
694 2549 860 2631 cergitaret.
905 2547 1032 2628 Admeti
1054 2554 1158 2612 autern
1181 2547 1398 2632 Apollinisqne
1420 2545 1528 2609 fabula
1548 2543 1593 2608 ιιι
1615 2549 1802 2630 argumento
1824 2545 1969 2610 carminis
1991 2545 2046 2629 (ΙΙ,

211 2658 244 2738 3)
267 2655 388 2718 intexta
411 2657 467 2716 est.
511 2649 610 2714 Poeta
633 2650 798 2714 derelictus
820 2673 838 2712 a
860 2648 964 2734 puella
986 2671 1057 2720 sna,
1086 2673 1166 2732 (quae
1188 2671 1259 2712 eum
1281 2648 1428 2712 divitiora
1456 2669 1508 2710 rns
1529 2647 1625 2722 abiit,
1652 2646 1751 2710 solum
1774 2669 1806 2710 se
1828 2647 1860 2711 in
1882 2649 1960 2711 urbe
1982 2669 2049 2714 ma·

212 2779 285 2821 nere
309 2777 398 2839 posse
419 2763 530 2838 negat,
564 2759 597 2818 at
618 2755 643 2816 si
667 2752 753 2816 illam
774 2749 933 2835 adspicere
955 2755 1077 2833 posset,
1110 2752 1285 2814 veniturum
1307 2771 1339 2813 se
1368 2771 1431 2812 nou
1454 2772 1518 2812 esse
1539 2748 1721 2834 profitetur,
1755 2770 1886 2811 curvum
1907 2757 2048 2814 aratrum

212 2859 343 2932 sectari,
366 2857 440 2918 dum
461 2855 555 2918 boves
577 2855 726 2938 subigant
747 2876 836 2928 arva,
859 2875 960 2935 neque
982 2860 1181 2935 questurum,
1216 2851 1299 2934 quod
1321 2849 1368 2912 sol
1390 2848 1522 2934 graciles
1544 2855 1637 2914 exuat
1669 2856 1757 2914 artus
1780 2855 1811 2913 et
1833 2851 1960 2934 pustula
1983 2872 2049 2914 ma-

212 2983 269 3024 nus
293 2967 415 3023 teneras
438 2957 554 3031 laedat;
577 2955 724 3040 quoniam
747 2979 785 3019 ne
807 2955 922 3038 Apollo
945 2954 1070 3038 quidem
1088 2953 1213 3018 Admeti
1237 2955 1330 3016 boves
1353 2973 1479 3036 pascere
1499 2951 1692 3016 dubitaverit
1714 2959 1750 3015 nt
1772 2973 1878 3016 amore
1899 2952 1960 3016 frui
1977 2973 2050 3036 pos-

211 3067 268 3126 set.
315 3059 399 3122 Num
422 3057 497 3140 quid
519 3057 624 3141 aptius
647 3059 781 3141 cogitari
803 3063 925 3141 potest,
949 3077 1084 3138 quocum
1105 3063 1201 3140 poeta
1222 3078 1255 3118 se
1277 3074 1463 3138 componere
1485 3054 1647 3138 potuerit?
1691 3057 1791 3129 Quam
1813 3051 1920 3136 inepte
1940 3061 2051 3119 contra

213 3162 354 3228 Catullus
376 3160 505 3224 Lesbiae
528 3181 602 3223 suae
622 3181 777 3234 amorem,
808 3159 1024 3222 vehementem
1046 3157 1171 3239 quidem
1193 3178 1264 3221 raro
1292 3163 1398 3220 tamen
1419 3155 1477 3220 sibi
1507 3176 1699 3226 concessum,
1729 3175 1799 3218 cum
1822 3177 1857 3218 eo
1880 3162 2062 3245 comparat,

212 3287 274 3348 quo
299 3261 467 3328 Laodamia
490 3261 649 3342 quondam
670 3265 701 3324 et
722 3259 913 3325 Protesilaus
937 3258 1070 3333 incensi,
1100 3259 1237 3322 breviter
1258 3265 1383 3323 tantum
1405 3255 1469 3320 frui
1490 3261 1679 3340 potuerunt,
1707 3263 1834 3340 tamque
1857 3256 1923 3320 fuse
1945 3262 1977 3322 et
1999 3279 2051 3322 co·

211 3369 314 3449 piose,
338 3373 373 3427 ιιι
394 3369 426 3426 ιι
448 3363 548 3426 omnis
570 3365 595 3427 ιι
619 3383 682 3445 qua
703 3362 765 3426 fnit
786 3361 957 3426 similitudo
980 3361 1102 3424 desinat
1126 3383 1190 3423 esse
1219 3365 1314 3441 atque
1336 3359 1431 3422 etiam
1452 3357 1560 3421 fabula
1581 3356 1698 3421 inserta
1725 3359 1863 3422 medium
1892 3359 2051 3424 contineat

216 3487 350 3530 carmen.
396 3464 510 3528 Fateor
532 3465 673 3548 quidem,
705 3463 864 3527 Tibullum
887 3485 1012 3546 quoque
1032 3461 1065 3526 in
1090 3461 1226 3546 imagine
1249 3461 1302 3526 illa
1325 3460 1483 3524 dilatanda
1505 3458 1610 3542 paullo
1634 3459 1758 3544 longius
1780 3459 1954 3544 digressum
1987 3483 2051 3525 esse

214 3573 245 3630 et
268 3565 596 3630 commemorationem
617 3567 696 3630 casei
721 3587 783 3629 non
807 3565 899 3628 modo
922 3565 1012 3630 nobis
1035 3563 1200 3649 displicere
1222 3564 1276 3627 sed
1299 3561 1393 3626 etiam
1412 3563 1510 3624 risum
1532 3582 1666 3625 movere.
1711 3560 1829 3625 Tamen
1851 3561 1903 3625 illc
1924 3584 2051 3626 excusa-

214 3670 301 3732 tione
324 3688 386 3730 non
409 3671 494 3730 caret
515 3667 651 3752 primum
672 3668 771 3780 quod,
794 3677 830 3731 ιιι
851 3667 932 3730 iufra
955 3667 1205 3743 videbi1nus,v1
1174 3671 1272 3729 vitam
1293 3669 1361 3728 rust
1363 3665 1442 3728 icam
1464 3663 1631 3746 praecipue
1654 3662 1820 3736 adamavit,
1843 3660 1952 3726 deinde
1967 3663 2052 3746 quod

213 3790 284 3832 cum
307 3773 450 3832 veterum
470 3789 571 3831 mores
557 3769 654 3832 s'et
648 3770 808 3852 ingenium
831 3768 892 3832 alia
907 3768 1079 3832 fuerintat
1046 3776 1141 3850 atque
1163 3773 1281 3842 nostra,
1304 3787 1364 3828 nou
1382 3765 1487 3828 omnia
1503 3787 1583 3876 «puae
1605 3762 1694 3826 nobis
1710 3762 1875 3846 displicent
1896 3761 1956 3828 illis
1972 3785 2051 3876 quq-

214 3893 274 3953 que
306 3868 498 3953 displicuisse
519 3871 659 3952 putanda
680 3877 761 3933 suut.
805 3869 930 3933 Etenim
952 3891 1023 3932 cum
1046 3874 1182 3943 constet,
1204 3889 1310 3931 ornnes
1333 3866 1466 3952 populos
1488 3888 1529 3929 an
1530 3864 1648 3947 tiqnos,
1680 3887 1718 3928 nc
1740 3864 1955 3929 eruditissimis
1983 3865 2052 3949 qui-

215 3971 284 4034 dem
307 3971 445 4056 exeeptis
467 3980 598 4034 naturae
621 3969 824 4034 admiratores
847 3971 1045 4052 cultoresque
1066 3969 1176 4047 fuisse,
1209 3969 1284 4052 quid
1305 3971 1421 4032 mirum
1443 3989 1499 4032 cur
1528 3973 1640 4050 poetae
1672 3966 1745 4030 inde
1767 3964 1964 4051 potissimum
1985 3967 2051 4028 sine

215 4073 336 4136 delectu
358 4072 518 4138 interdum
539 4082 575 4138 nt
608 4072 733 4135 videtur
762 4073 903 4156 exempla
925 4071 1096 4154 petiverint
1128 4070 1213 4134 etin
1235 4070 1365 4153 singulis
1392 4067 1612 4154 persequendis
1646 4068 1723 4131 adeo
1746 4066 1890 4132 delectati
1914 4066 1992 4134 sint.
2014 4071 2051 4132 ut

214 4175 370 4257 propositi
391 4197 519 4259 prorsus
542 4173 633 4238 obliti
656 4195 720 4236 esse
743 4171 917 4236 videantur.
963 4172 996 4236 Si
1019 4172 1118 4256 igitar
1138 4193 1202 4235 non
1224 4175 1271 4234 cst
1293 4193 1349 4234 cur
1363 4169 1587 4253 suspendamus
1610 4191 1684 4233 naso
1707 4169 1792 4250 qnod
1808 4167 1961 4233 Homerus
1978 4168 2052 4232 Aia-

216 4296 283 4338 cem
305 4271 446 4339 Troianis
468 4275 658 4340 instantibus
680 4275 763 4339 lente
778 4272 996 4358 gradatimque
1018 4295 1050 4336 se
1071 4271 1273 4357 recipientem
1303 4293 1373 4334 cum
1395 4271 1482 4334 asino
1504 4269 1642 4354 segniter
1663 4270 1860 4354 ingrediente
1882 4275 2051 4354 comparat,

215 4376 266 4439 vel
287 4375 373 4458 qnod
394 4375 537 4453 Ovidius,
558 4383 595 4442 ut
618 4375 773 4442 describat
795 4375 954 4458 ‹lucnrodo
978 4397 1014 4438 ex
1036 4373 1138 4457 capite
1159 4373 1312 4436 diminuto
1335 4374 1496 4436 cerebrum
1519 4372 1641 4448 effluat,
1672 4369 1751 4434 casei
1776 4369 1931 4434 fonuandi
1952 4371 2051 4434 ratio-

216 4498 289 4541 nem
307 4476 436 4542 arcessit
458 4482 663 4591 accurateque
685 4477 843 4562 depingi,
866 4497 922 4540 cnr
944 4498 975 4540 ιι
966 4473 1189 4560 tuperabimus
1211 4473 1371 4541 Tibullum
1393 4479 1523 4558 propter
1545 4472 1605 4536 hoc
1627 4494 1725 4536 unum
1752 4469 1902 4554 longioris
1933 4469 2052 4554 digres-

215 4579 311 4643 sionis
341 4577 530 4662 exemplum,
558 4600 628 4643 cum
649 4579 682 4642 in
715 4583 765 4643 eet
766 4579 825 4644 eris
848 4578 892 4642 ei
888 4577 1053 4642 studuerit
1073 4575 1222 4647 brevitati
1211 4597 1359 4657 1,quan1
1380 4575 1566 4638 Lucienus
1558 4597 1592 4636 m
1614 4573 1694 4636 libro
1718 4574 1770 4653 qui
1794 4579 1841 4636 est
1863 4571 1900 4635 de
1922 4569 2052 4634 historia

218 4679 396 4756 scribenda,
428 4679 483 4742 ubi
505 4677 722 4754 Parthenium,
750 4680 999 4765 Euphorionem,
1034 4625 1259 4742 Callimachuin
1280 4677 1320 4740 ob
1341 4675 1440 4740 doct
1401 4684 1502 4740 trmue
1524 4697 1557 4740 cs
1559 4673 1765 4738 tentationem
1788 4671 1963 4754 vituperat,
1986 4669 2053 4736 Ho-

215 4803 301 4844 mero
325 4780 449 4844 tribuit.
492 4779 573 4843 Ilum
595 4780 676 4844 enim
697 4782 743 4846 ait
763 4782 904 4857 Tantali,
934 4780 1067 4856 Ixionis,
1099 4779 1185 4862 Tityi
1207 4777 1345 4844 fabulam
1367 4777 1504 4842 breviter
1526 4775 1684 4858 attingere
1706 4793 1800 4854 qnam
1822 4771 1921 4835 illitet
1928 4820 1936 4849 ,
1959 4793 2052 4854 quern

217 4883 288 4946 addi
311 4882 418 4957 velim,
442 4881 581 4947 Catullus
601 4881 727 4945 illorum
747 4883 903 4960 imitator,
925 4884 949 4946 ιι
974 4881 1162 4946 carminibus
1184 4881 1246 4944 suis
1269 4879 1408 4943 intexere
1429 4874 1676 4961 proposuissent,
1699 4870 1862 4956 permultis
1886 4893 2052 4956 consump-

219 4985 259 5046 tis
283 4984 422 5048 versibus
453 4982 621 5048 tractaturi
649 4983 788 5048 fuissent.
832 4983 898 5048 Nec
921 4983 1024 5047 minus
1056 4983 1134 5045 bene
1157 4982 1194 5046 de
1214 4981 1299 5066 poesi
1322 4978 1459 5063 elegiaca
1485 4973 1653 5040 excolendi
1675 4975 1806 5037 meritus
1843 4981 1890 5038 ιιι
1911 4971 2053 5037 Tibullus

219 5083 303 5166 quod
324 5084 442 5168 primus
464 5089 685 5170 argumentum
706 5084 871 5150 constituit
892 5089 924 5149 et
945 5082 1087 5148 terminis
1109 5085 1197 5165 quasi
1220 5077 1472 5162 circumscripsit.
1517 5076 1554 5139 ld
1576 5075 1659 5138 euim
1674 5073 1847 5139 ιιιιιιιιιιιιιιι
1869 5075 2053 5158 genus-iam

218 5184 302 5268 apud
324 5183 458 5250 Graecos
480 5187 648 5252 admodum
668 5185 851 5270 ambignum
873 5186 968 5250 ιιιιιιι
991 5191 1022 5249 ιι
1044 5185 1154 5251 eodem
1175 5183 1299 5246 nomine
1321 5179 1442 5244 diversa
1465 5175 1735 5260 comprehendisse
1756 5181 1916 5260 poemata,
1939 5174 2054 5258 quibus
