4726 5954
1176 437 1198 502 e

1087 527 1203 535 ——.-
1213 529 1273 534 ..-u
1284 529 1290 534 .

272 651 422 714 inusitate
444 653 636 721 contractus,
657 651 695 710 ut
715 664 878 708 surrexe
904 642 989 727 apud
1017 640 1185 706 Horatium
1206 641 1309 723 (66116.
1333 640 1364 718 l,
1386 643 1421 716 9,
1445 641 1508 724 73).
1551 639 1641 706 Nihil
1671 642 1821 706 eiusmodi
1844 644 1930 727 apud
1951 642 2113 708 Tibullum

270 749 418 816 invenies.
462 747 528 812 Nec
549 745 651 810 minus
673 753 782 810 cautus
813 743 874 808 fuit
895 746 929 808 in
955 744 1149 828 graecismis,
1178 763 1255 825 quos
1288 749 1416 820 vocant,
1443 744 1641 826 usurpandis.
1685 743 1791 826 Atque
1814 744 1949 828 primurn
1982 743 2110 827 quidem

271 861 439 937 poetarum
460 847 648 913 Graecorum
671 855 732 923 est,
752 847 943 910 adieetirum
964 851 1112 909 neutrum
1133 843 1254 929 plurale
1275 844 1466 928 coniungere
1484 865 1560 907 eum
1580 844 1721 929 genitive
1743 843 1946 920 substantivi,
1968 855 2006 909 ut
2026 846 2110 930 apud

273 951 459 1037 Sophoclem
481 951 513 1012 in
535 949 697 1032 Antigona
719 948 781 1012 209
803 947 936 1032 legimus
965 945 1074 1025 α”σημο
1095 951 1173 1024 βοῆς
1193 966 1252 1029 pro
1279 943 1404 1025 α’ὀημος
1431 943 1492 1025 βοή
1521 952 1554 1010 61
1579 967 1609 1008 6.
1640 946 1720 1012 1265
1750 945 2110 1027 ἀ’νολ)16)16616νμάιων
2142 1017 2147 1026 ,

273 1076 331 1140 pro
353 1051 479 1130 ἄνολβα
500 1047 715 1130 βουλεύματα.
759 1047 848 1112 Η666
870 1046 1018 1130 loquendi
1038 1047 1295 1110 consuetudinem
1315 1053 1427 1128 poetae
1448 1044 1554 1110 Latini
1576 1067 1640 1110 nou
1661 1068 1732 1111 raro
1755 1048 1872 1112 imitati
1886 1054 1968 1124 sunt,
1989 1055 2026 1113 61
2047 1047 2111 1114 Lu·

274 1154 386 1220 cretius
408 1152 533 1237 scripsit
554 1151 689 1214 clausa
711 1151 912 1214 domorum
934 1171 992 1232 pre
1014 1148 1136 1212 clausae
1163 1147 1272 1211 demus
1300 1147 1343 1229 (l,
1370 1147 1446 1229 354)
1473 1151 1605 1212 strate
1635 1147 1789 1212 viarum
1821 1149 1889 1230 (IV,
1910 1150 1986 1233 415)
2008 1150 2109 1215 multa

273 1257 348 1332 alia,
369 1261 402 1319 et
422 1260 495 1338 pest
516 1274 589 1317 eum
609 1249 760 1316 Horatius
782 1249 948 1334 imprimis,
972 1245 1210 1313 velut'amara
1231 1269 1410 1312 curarum
1437 1247 1500 1330 (ed.
1524 1247 1579 1326 IV,
1608 1250 1721 1325 1219),
1749 1256 1889 1316 666616
1910 1258 2114 1316 terrarum

279 1356 342 1439 (ed.
368 1355 409 1431 ll,
433 1356 460 1432 1,
482 1356 546 1436 23),
568 1351 661 1416 vilia
687 1373 813 1416 rerum
838 1350 983 1436 (661611,
1007 1352 1055 1428 17,
1076 1352 1141 1433 21),
1165 1348 1345 1435 Propertius
1367 1347 1435 1430 (lv,
1457 1351 1485 1425 9,
1509 1349 1540 1432 7)
1563 1350 1690 1414 616616
1710 1373 1852 1428 161616,
1875 1351 1929 1417 alii
1948 1353 2020 1417 alia.
2063 1352 2116 1417 Ti-

272 1457 447 1523 bullianum
467 1476 541 1519 vero
565 1451 678 1518 deria
700 1454 858 1527 mentis,
887 1453 972 1534 quod
993 1473 1090 1515 unum
1117 1449 1261 1516 similiter
1288 1453 1410 1516 dictum
1434 1450 1559 1515 ridetur
1580 1450 1614 1515 in
1635 1451 1714 1536 eleg.
1743 1451 1797 1530 IV,
1820 1457 1849 1530 3,
1871 1456 1890 1516 2
1914 1455 1974 1518 666
1995 1454 2111 1519 referre

274 1558 383 1623 dubito
407 1563 439 1621 et
460 1579 497 1620 ea
517 1555 632 1639 figura,
655 1575 735 1636 quae
756 1553 870 1638 ellipsis
894 1561 1037 1630 vocatur,
1060 1552 1165 1617 malim
1179 1553 1381 1637 interpretari
1403 1552 1449 1616 ita
1470 1557 1506 1616 ut
1526 1552 1757 1618 substantivum
1779 1555 1847 1619 loca
1861 1554 2107 1641 intellegendum

274 1661 326 1726 sit.
370 1658 463 1722 Certo
485 1665 605 1730 autem,
635 1676 706 1719 cum
733 1654 883 1720 scriberet
905 1655 943 1738 (Ι,
965 1656 995 1731 4,
1017 1655 1086 1739 69)τ
1119 1663 1151 1720 61
1172 1663 1367 1720 tercentenas
1390 1654 1547 1719 erroribus
1580 1653 1704 1737 expleat
1725 1655 1828 1719 urbis“
1861 1663 1902 1720 et.
1926 1655 1965 1730 (Ι,
1988 1660 2016 1732 3,
2039 1659 2111 1740 53)1
2222 1667 2225 1672 “

275 1759 400 1844 quodsi
421 1758 530 1824 fatales
551 1756 613 1821 iam
629 1777 711 1820 nunc
726 1755 918 1840 explevimus
938 1763 1053 1820 annos“
1072 1756 1223 1822 imitando
1239 1755 1392 1820 effinxisse
1414 1755 1538 1820 videtur
1557 1754 1749 1820 Graecorum
1771 1759 1942 1838 ἐκολνροῦν
1965 1759 2113 1837 δρόμους,

275 1857 445 1936 ἐνιαυτούς.
487 1859 538 1924 Ad
560 1857 684 1922 eosdem
705 1857 901 1923 referendum
923 1879 987 1922 asse
1008 1865 1087 1941 pute
1120 1880 1227 1923 rarum
1253 1857 1342 1922 illum
1371 1857 1491 1922 dicendi
1516 1857 1658 1921 medum:
1691 1879 1740 1920 166
1762 1880 1831 1923 mea
1852 1868 2020 1944 paupertas
2044 1858 2112 1924 vita

276 1964 422 2028 traducat
442 1959 535 2024 inerti
558 1959 596 2042 (Ι,
620 1961 646 2034 1,
662 1961 705 2042 5),
728 1980 821 2041 quem
843 1979 966 2022 versum
987 1981 1043 2023 nes
1064 1960 1110 2024 'rta
1125 1965 1246 2024 6611616
1268 1981 1444 2044 possumus:
1467 1959 1568 2037 „mich
1589 1963 1682 2044 m'o'ge
1708 1959 1808 2023 meina
1829 1959 1945 2024 Armut
1971 1961 2005 2024 in
2026 1960 2112 2024 Mus-

276 2061 725 2150 6133663111616666166666“ι
770 2059 924 2124 11666116
947 2059 1056 2125 Graeci
1077 2060 1221 2139 6616661
1242 2062 1338 2126 verbo
1362 2059 1492 2142 ὸιάρενν,
1520 2061 1609 2124 66161
1631 2059 1800 2144 Sophocles
1828 2061 1861 2126 in
1882 2061 2008 2126 Electra
2032 2063 2112 2127 782:

271 2165 383 2247 χρόνος
406 2163 493 2244 deripe
508 2163 552 2242 ’μ’
578 2163 642 2226 ulls
664 2159 704 2238 ὡς
729 2163 936 2242 0616661166
981 2161 1048 2226 Hoc
1070 2167 1175 2227 autem
1196 2164 1289 2226 mede
1312 2162 1467 2227 ablativus
1489 2162 1572 2226 vita
1600 2161 1721 2226 facilius
1748 2167 1780 2225 et
1801 2165 1905 2247 aptius
1934 2165 2110 2248 explicatur

275 2288 368 2350 quam
391 2265 514 2330 dativus
537 2265 776 2345 6116666661
803 2263 945 2347 plerique
966 2263 1153 2347 interpretes
1181 2286 1218 2327 ex
1240 2263 1326 2328 libris
1348 2263 1505 2328 nonnullis
1538 2264 1758 2347 manuscriptis
1780 2273 1980 2349 sumpserunt
2013 2273 2045 2330 et
2068 2285 2107 2330 ne

274 2369 370 2432 verbe
393 2364 633 2432 traducendi
661 2364 884 2428 demonstratio
912 2364 982 2427 linis
1015 2364 1134 2429 deesset
1155 2365 1360 2430 retinuerunt.
1405 2365 1611 2428 Accusatirus
1635 2365 1761 2443 deinde,
1795 2389 1888 2448 quem
1909 2368 2106 2452 grammatici

275 2469 435 2554 appellant
456 2487 619 2550 graccum,
641 2465 724 2548 apud
745 2462 906 2528 Tibullum
927 2465 1072 2547 frequens
1095 2466 1235 2548 quidem,
1269 2473 1374 2532 tamen
1396 2465 1488 2530 certis
1511 2466 1766 2550 circumscriptus
1799 2473 1846 2532 est
1866 2468 1980 2532 finibus
2002 2467 2047 2534 ite
2068 2477 2105 2534 ut

276 2591 347 2632 cum
367 2566 534 2651 participio
557 2566 688 2650 perfecti
710 2564 838 2651 passivi,
860 2587 1019 2646 nunquam
1041 2588 1111 2630 cum
1133 2568 1286 2634 adiective
1308 2568 1473 2653 iungatur,
1496 2567 1582 2632 euius
1605 2567 1766 2652 participii
1788 2568 1910 2652 saepius
1933 2591 2028 2651 quarn
2049 2570 2106 2634 ali·

277 2690 367 2732 erum
389 2667 503 2752 passivi
524 2653 688 2732 modorum
709 2668 857 2732 reflexira
879 2687 959 2748 quae
981 2675 1112 2732 vocatur
1133 2668 1320 2754 significatio
1347 2669 1471 2734 videtur
1492 2669 1600 2746 fuisse,
1623 2670 1704 2734 unde
1726 2671 1763 2734 fit
1785 2679 1822 2735 ut
1853 2672 1998 2744 audacia,
2029 2693 2110 2753 quae

275 2768 308 2832 in
329 2770 389 2834 hoo
412 2769 578 2834 accusativi
601 2793 658 2834 usu
681 2776 740 2844 est,
763 2769 958 2852 aliquantum
979 2769 1148 2837 minuatur.
1173 2771 1255 2854 (61116
1278 2771 1301 2848 l,
1326 2774 1352 2842 1,
1376 2772 1429 2846 70;
1452 2771 1481 2845 2,
1503 2773 1538 2844 3;
1562 2774 1590 2848 3,
1612 2774 1662 2846 31,
1686 2774 1734 2846 60,
1758 2773 1815 2845 91;
1849 2777 1877 2848 6,
1903 2774 1950 2848 18,
1977 2774 2018 2836 49
2042 2773 2111 2854 61,).

276 2869 337 2934 Sed
360 2871 549 2935 6611661161
575 2872 720 2935 11166666
742 2869 888 2955 perfecti,
911 2893 972 2953 quo
995 2871 1027 2936 id
1049 2873 1131 2956 quod
1154 2872 1222 2937 fieri
1243 2874 1323 2938 solet
1345 2873 1543 2957 exprimitur,
1566 2873 1715 2955 cuiusque
1738 2873 1912 2957 exemplum
1941 2875 2024 2958 apud
2048 2873 2101 2938 Ti-

275 2971 396 3035 bullum
418 2972 519 3035 estin
541 2973 579 3038 cl.
603 2973 643 3048 ll,
668 2976 695 3048 l,
719 2973 758 3036 73

798 3072 866 3150 „hie
886 3075 992 3139 iuveni
1015 3074 1150 3140 detraxit
1178 3097 1252 3159 opes
1276 3074 1327 3140 hio
1350 3075 1451 3140 dicere
1475 3075 1592 3154 iussit,“
1696 3073 1699 3080 ’

274 3174 465 3240 Graecorum
489 3182 613 3241 tantum
636 3173 689 3256 qui
711 3174 827 3239 aoristo
849 3175 994 3261 guenrico
1018 3177 1076 3242 hoc
1098 3199 1189 3241 sensu
1212 3176 1257 3240 usi
1280 3183 1369 3252 suut,
1391 3199 1448 3241 nec
1478 3177 1582 3260 potius
1614 3175 1748 3240 61161616
1775 3197 1900 3258 quoque
1928 3176 2108 3261 linguarum

275 3274 403 3361 propria
424 3276 571 3360 loquendi
593 3276 787 3341 consuetude
808 3277 990 3342 iudicandus
1012 3278 1053 3344 sit
1074 3278 1193 3353 nescio,
1214 3278 1248 3342 id
1268 3301 1342 3342 vero
1365 3287 1503 3354 constat,
1524 3279 1714 3342 infinitivum
1737 3277 1820 3341 illius
1843 3277 1991 3360 temperis
2012 3301 2030 3342 a
2052 3277 2112 3344 ha-

275 3377 348 3440 tinis
370 3381 506 3464 primum
530 3377 630 3462 poetis
653 3377 833 3460 etquidem
862 3380 946 3442 iuter
968 3378 1120 3464 elegiacos
1142 3401 1161 3444 6
1182 3379 1307 3443 Tibulle
1337 3381 1402 3445 siue
1423 3379 1477 3444 illa
1509 3379 1738 3465 significatione
1773 3381 1825 3442 sed
1858 3381 1950 3443 metri
1983 3383 2107 3444 tantum

277 3499 369 3542 causa
389 3486 573 3564 usurpatum
595 3501 669 3546 esse.
715 3480 808 3544 Errat
829 3479 929 3564 igitur
950 3479 1108 3545 Disaenius
1125 3482 1178 3554 (ad
1200 3504 1322 3545 6616616
1346 3481 1369 3559 I,
1395 3485 1420 3560 1,
1436 3484 1500 3559 46),
1525 3481 1579 3566 qui
1599 3481 1686 3545 illu1n
1703 3481 1851 3546 infinitivi
1873 3481 2003 3565 perfecti
2021 3503 2111 3546 usum

277 3581 444 3662 antiquum
463 3587 557 3663 putat
578 3591 610 3646 et
632 3583 694 3646 iam
717 3585 749 3645 in
772 3581 1026 3665 inscriptionibus
1052 3589 1084 3646 61
1105 3582 1228 3667 legibus
1249 3583 1406 3648 veteribus
1429 3585 1515 3648 velut
1537 3585 1570 3646 iu
1591 3589 1715 3647 senatus
1739 3583 1880 3646 consulte
1914 3584 1950 3646 de
1973 3582 2111 3648 Baccha-

274 3681 398 3746 nalibus
420 3681 531 3766 legisse
553 3682 611 3746 sibi
633 3683 766 3750 videtur.
813 3682 862 3746 lbi
885 3683 967 3746 enim
989 3705 1061 3747 cum
1082 3688 1207 3748 tantum
1234 3684 1266 3748 in
1298 3684 1335 3748 iis
1358 3685 1532 3750 enunciatis
1554 3684 1750 3759 inveniatur,
1782 3684 1951 3766 inquibus
1987 3684 2107 3766 aliquid

276 3783 640 3859 66161616611666161,
662 3807 727 3848 666
748 3785 896 3867 antiquus
919 3793 965 3849 est
985 3788 1039 3850 sed
1061 3786 1144 3869 apud
1166 3785 1280 3849 inultos
1310 3788 1450 3850 omniurn
1472 3793 1651 3870 temporum
1685 3784 1852 3868 scriptores
1874 3785 1992 3870 legitur·
2015 3791 2046 3850 61
2069 3809 2106 3850 cx

275 3884 405 3968 propria
428 3884 563 3967 quadam
584 3885 764 3960 verborum,
800 3909 880 3968 6666
901 3893 975 3952 66111
1001 3887 1080 3952 66116
1102 3895 1134 3950 61
1156 3888 1253 3963 66116,
1285 3889 1367 3952 unde
1390 3891 1562 3952 sententiae
1584 3888 1655 3951 illae
1677 3886 1830 3970 pendent,
1864 3887 1991 3950 notione
2013 3888 2105 3952 facile

276 3987 450 4069 explicatur
472 3985 625 4070 (lladwig
653 4009 757 4070 66666.
789 3987 834 4063 ΙΙ,
860 3991 942 4068 124).
987 3989 1128 4052 Tibullus
1156 3993 1261 4052 autem
1288 3997 1414 4072 etpost
1443 4013 1511 4054 euru
1535 3993 1629 4054 ceteri
1665 3997 1777 4074 poetae
1800 3989 1929 4072 elegiaci
1962 4011 2032 4052 cum
2054 3989 2108 4054 ille

277 4085 430 4152 infinitivo
453 4090 583 4171 perfecti
607 4089 639 4151 in
661 4110 724 4152 uno
747 4089 917 4170 eodemque
946 4090 1432 4154 66666111161611616661116166
1459 4091 1630 4175 praesentis
1654 4090 1738 4172 (vide
1770 4090 1838 4154 Tib.
1869 4089 1892 4164 l,
1915 4092 1943 4160 9,
1977 4095 2026 4161 63,
2049 4091 2110 4166 64;

279 4191 327 4262 10,
352 4195 401 4266 61,
424 4191 478 4265 62;
502 4189 543 4268 ΙΙ,
567 4191 595 4266 1,
617 4191 668 4266 40,
690 4191 747 4266 42;
770 4193 798 4264 3,
826 4193 873 4266 13,
897 4193 949 4272 14)
972 4201 1004 4255 61
1026 4191 1089 4254 fere
1111 4215 1233 4274 semper
1255 4193 1362 4256 eedem
1385 4194 1582 4258 6616661666
1605 4201 1787 4269 6161661111,
1815 4193 1943 4256 1166661
1970 4191 2106 4274 penulti-

277 4311 328 4352 mo
349 4291 550 4372 pentametri,
571 4300 721 4374 sequente
741 4292 837 4356 serbo
858 4291 991 4356 iarubice
1020 4292 1103 4374 (vide
1125 4292 1193 4355 Tib.
1217 4293 1241 4368 l,
1266 4296 1292 4368 1,
1314 4297 1364 4370 30,
1387 4295 1437 4370 46,
1461 4296 1517 4371 74)
1542 4299 1569 4370 2,
1591 4296 1641 4371 28,
1664 4296 1718 4362 52:
1742 4294 1771 4367 4,
1793 4295 1842 4369 48,
1859 4297 1916 4370 56;
1940 4298 1968 4366 6,
1985 4294 2034 4368 24,
2056 4295 2107 4368 52,

277 4391 327 4467 64,
351 4390 405 4466 74;
430 4391 457 4466 7,
478 4394 533 4466 24;
557 4395 585 4470 8,
608 4395 657 4470 26,
681 4393 735 4464 70;
768 4396 797 4470 9,
819 4395 869 4468 60,
892 4395 948 4468 64;
985 4395 1032 4470 10,
1055 4396 1094 4458 62
1117 4393 1251 4478 saepius)
1273 4395 1473 4480 perspicuum
1502 4404 1563 4472 est,
1596 4417 1667 4458 eum
1688 4403 1801 4478 utpote
1825 4394 1879 4476 qui
1912 4395 1950 4456 ad
1973 4395 2107 4458 alterurn

275 4490 466 4575 pentametri
502 4493 732 4559 hemistichium
765 4495 1021 4559 conformandum
1048 4496 1181 4560 maxime
1213 4495 1342 4560 idoneus
1371 4504 1464 4573 esset,
1498 4521 1535 4562 ex
1567 4497 1659 4562 metri
1687 4496 1870 4560 necessitate
1901 4501 2005 4558 611616
2035 4517 2107 4558 esse.

277 4593 471 4658 Infinitivum
493 4593 619 4672 deinde,
648 4618 709 4678 quo
732 4595 859 4661 liberius
882 4597 928 4660 uti
950 4603 1063 4680 poetae
1092 4597 1196 4662 Latini
1224 4598 1396 4664 didicerant
1422 4625 1441 4664 a
1467 4599 1610 4674 Graecis,
1643 4598 1786 4662 Tibullus
1809 4605 1899 4660 66616
1922 4603 1954 4660 61
1988 4596 2109 4660 medice
2228 4635 2229 4638 =

277 4701 386 4760 centra
408 4717 603 4759 communem
626 4700 774 4762 sermonis
797 4700 1051 4763 consuetudinem
1073 4700 1218 4764 adhibuit
1239 4706 1270 4765 61
1286 4700 1412 4783 quidem
1427 4709 1476 4766 ter
1491 4723 1562 4764 eum
1577 4698 1737 4764 coniunxit
1754 4721 1823 4763 6616
1839 4697 1992 4762 adiectivo
2016 4699 2110 4762 dee-

277 4801 338 4860 tus
361 4796 399 4874 (Ι,
423 4797 451 4874 7,
473 4799 523 4874 20,
546 4797 602 4873 28;
626 4799 654 4874 9,
676 4799 739 4877 37),
761 4801 854 4865 semel
876 4823 944 4864 sum
968 4802 1062 4866 verbe
1085 4802 1219 4882 darell,
1247 4803 1275 4880 8,
1298 4804 1362 4884 56),
1383 4803 1431 4867 616
1453 4825 1524 4867 curn
1546 4802 1641 4866 verbo
1664 4799 1861 4864 substantivo
1885 4823 1965 4874 esse,
1987 4800 2109 4864 66161·

276 4903 451 4980 spectamus
474 4899 708 4984 contingere
729 4909 878 4983 sequente
899 4903 1055 4987 particula
1076 4913 1119 4967 ut
1142 4903 1179 4986 (Ι,
1202 4908 1230 4980 6,
1252 4907 1308 4980 24;
1331 4904 1385 4982 IV,
1417 4907 1446 4981 3,
1468 4905 1511 4980 3).
1556 4902 1635 4966 Tum
1658 4899 1887 4986 imperativum⁸
1901 4903 1990 4966 illum
2012 4924 2108 4986 nega-

277 4997 391 5077 tivum,
413 5000 468 5083 qui
488 5002 525 5065 fit
547 5024 606 5086 epe
628 5001 796 5066 verborum
816 5004 995 5082 mittere,
1014 5027 1192 5090 parcere,
1223 5007 1379 5090 fugere,
1411 5005 1578 5079 similium,
1609 5001 1703 5066 semel
1724 5004 1889 5086 usurpavit
1913 5003 1936 5079 l,
1959 5005 1988 5080 4,
2011 5005 2049 5068 9:
2071 5026 2107 5079 „e

278 5095 405 5182 lugete
427 5107 553 5168 tenerae
574 5125 743 5188 puerorum
766 5105 891 5170 credere
913 5107 1053 5173 turbae.“
1096 5105 1134 5170 ln
1156 5107 1401 5184 constructione,
1425 5129 1503 5190 quae
1525 5104 1719 5169 accusativus
1741 5127 1812 5170 eum
1833 5105 1988 5170 infinitivo
2011 5127 2105 5169 voea-

276 5201 344 5276 tur,
366 5199 555 5269 Graecorum
577 5229 663 5270 mere
684 5228 857 5290 prenomen
879 5208 1023 5276 omittere
1045 5231 1108 5273 non
1130 5207 1247 5273 veritus
1269 5215 1316 5272 est
1336 5231 1376 5273 ne
1397 5214 1467 5274 tum
1488 5206 1627 5289 quidem,
1648 5228 1719 5270 eum
1740 5207 1916 5272 subiectum
1940 5206 2107 5292 primam'ae

1887 5307 1904 5359 3
