4726 5954
1043 559 1081 563 .,
1135 468 1245 562 5.-.

222 677 306 742 viter
328 673 493 751 indicavit,
521 695 584 754 iqua
604 673 637 736 in
658 695 693 737 re
716 668 816 736 Allius
837 671 941 756 ipsum
962 669 1145 743 adiuvisset,
1174 677 1239 734 tam
1262 670 1323 733 levi
1350 677 1386 733 ιιι
1407 671 1472 734 fere
1495 670 1580 734 nulla
1602 669 1691 734 nobis
1719 669 1864 735 videatur
1891 693 1956 735 esse
1977 671 2063 736 sirni-

222 777 373 852 litndine,
395 798 476 858 «quae
497 781 545 838 est
566 773 649 838 intcr
670 773 813 838 Lesbiam
830 788 923 837 snam
945 777 977 837 et
997 770 1199 836 Laodamiam
1221 770 1385 836 Protesilai
1406 793 1511 836 amore
1533 773 1734 856 flagrantem,
1756 772 1926 855 perductus
1948 772 1988 836 ab
2010 796 2061 837 ar·

223 885 376 964 gumento
398 877 439 942 ad
461 875 588 960 longam
611 873 835 959 digressionem
856 872 1098 956 aberrat‚'quae
1120 872 1188 958 ipsa
1208 877 1321 954 qnater
1347 872 1589 957 interrumpitur
1610 879 1642 938 et
1664 872 1815 949 lamentis,
1841 873 1955 956 quibus
1969 881 2064 957 poeta

223 979 337 1044 Troiae
359 976 484 1043 nomine
504 975 664 1060 appellato
685 997 718 1062 se
733 975 833 1052 dedit,
857 981 890 1039 et
911 973 1013 1039 tribus
1035 973 1196 1058 exemplis,
1219 995 1384 1056 quaecum
1400 972 1591 1050 describant,
1614 981 1749 1057 (quantus
1765 973 1950 1040 Laodamiae
1971 997 2060 1040 amor

224 1079 339 1154 merit,
360 1077 421 1142 illis
448 1077 655 1160 respondent,
688 1077 802 1159 quibus
831 1083 926 1160 poeta
947 1082 1041 1140 autea
1061 1097 1152 1139 enum
1184 1074 1281 1158 ipsine
1302 1097 1441 1139 amorem
1463 1075 1656 1160 depinxerat.
1700 1075 1852 1142 Reversus
1875 1079 2001 1142 tandem
2024 1081 2064 1142 ad

224 1203 258 1246 se
280 1201 430 1262 suamque
451 1177 595 1244 Lesbiam
616 1177 687 1242 finit
710 1185 812 1244 totam
834 1178 966 1263 elegiam
989 1178 1035 1242 ita
1056 1185 1094 1242 nt
1108 1175 1268 1240 inchoavit
1290 1176 1405 1240 iterata
1426 1177 1605 1242 laudatione
1628 1177 1710 1254 Allii,
1732 1179 1788 1261 qui
1809 1179 1922 1244 amoris
1937 1180 2060 1245 fruendi

225 1282 327 1346 locum
350 1280 410 1345 sibi
433 1278 562 1344 dederit.
607 1278 660 1344 Sic
681 1279 782 1364 igitur
804 1279 972 1344 artificiosa
993 1277 1353 1362 quaedamcompositio
1376 1277 1484 1362 negari
1508 1278 1634 1360 quidem
1655 1301 1720 1343 non
1741 1285 1861 1364 potest,
1881 1282 1935 1344 sed
1957 1289 2004 1346 est
2026 1303 2063 1347 ea

226 1392 293 1448 tam
315 1381 438 1466 quesita
458 1381 509 1446 vel
531 1379 727 1457 abscondita,
748 1388 786 1444 nt
807 1402 870 1445 non
892 1380 1006 1445 mirum
1028 1379 1083 1458 sit,
1116 1379 1198 1444 viros
1220 1380 1328 1443 doctos
1351 1380 1391 1443 ad
1418 1379 1639 1444 diversissimas
1660 1380 1729 1444 illas
1754 1382 1923 1448 sententias
1952 1406 1988 1447 ea
2018 1382 2066 1447 iu-

226 1484 337 1548 dnctos
358 1505 438 1560 esse,
460 1505 531 1546 cnm
552 1481 668 1546 rectius
689 1480 723 1544 ni
743 1482 836 1546 fallor
857 1483 1013 1547 referatur
1034 1483 1074 1546 ad
1095 1481 1234 1546 studium
1255 1480 1333 1544 illud
1354 1479 1512 1558 imitandi,
1541 1481 1591 1545 cni
1613 1489 1740 1565 poetam
1769 1489 1935 1568 tantopere
1960 1485 2064 1550 indul·
2141 1497 2144 1506 “

225 1583 300 1648 sisse
323 1584 471 1649 videmus.
516 1584 585 1660 Quo
607 1582 710 1648 studio
733 1605 809 1647 num
829 1583 970 1649 Catullus
999 1589 1032 1648 et
1054 1589 1207 1666 qnatenus
1227 1581 1260 1645 in
1281 1581 1412 1667 singulis
1439 1604 1565 1664 qnoque
1591 1582 1749 1647 vocabulis
1776 1584 1927 1670 eligendis
1951 1587 2064 1652 ductus
2099 1595 2110 1614 '

226 1685 284 1762 sit,
304 1685 338 1750 in
357 1693 447 1750 tanta
468 1687 716 1770 lragrnentorum
739 1706 819 1766 quae
840 1691 1006 1769 poetarum
1022 1682 1304 1748 Alexandrinorum
1318 1691 1487 1768 supersunt
1509 1683 1668 1767 paucitate
1684 1683 1848 1750 diiudicari
1870 1709 1932 1752 nou
1948 1695 2061 1772 potest,

227 1793 345 1864 tamen,
368 1793 405 1851 nt
427 1809 524 1876 unum
545 1786 688 1862 afferam,
710 1786 778 1850 fieri
799 1786 939 1870 potuisse
961 1791 1048 1871 puto,
1070 1793 1107 1849 nt
1121 1807 1192 1848 cnm
1207 1807 1301 1849 carm.
1318 1786 1369 1860 68,
1391 1787 1429 1848 51
1448 1785 1664 1850 Amathusiam
1684 1786 1824 1870 appellet
1845 1788 2064 1873 duplicem,

227 1895 301 1952 ante
322 1889 429 1953 oculos
451 1887 479 1952 ei
501 1887 667 1952 obversata
687 1887 784 1952 fuerit
806 1909 886 1970 qnae
907 1887 1026 1952 Graece
1047 1891 1178 1951 vocatur
1196 1888 1383 1965 'Awodqu
1406 1890 1547 1962 διπλοῦς,
1576 1887 1634 1952 hoc
1657 1896 1706 1952 est
1734 1888 1935 1972 ἀνδρόγυνος,
1963 1913 2064 1974 neque

227 1995 331 2054 tamen
354 2011 451 2074 nego,
473 1988 669 2072 duplicem
690 1989 789 2054 multo
811 1989 983 2072 simplicius
1006 1987 1153 2074 explicari
1181 2009 1271 2071 posse
1293 1987 1341 2052 ita
1362 1994 1398 2051 nt
1420 1987 1462 2051 sit
1482 1987 1565 2052 idern
1585 1988 1670 2070 qnod
1698 1995 1853 2066 versutus,
1890 2011 1952 2073 qno
1974 2011 2065 2056 sensu

227 2089 378 2154 Horatius
400 2111 526 2173 quoqne
550 2088 672 2154 Ulixem
693 2091 834 2174 appellat
855 2090 1027 2175 duplicem,
1050 2087 1233 2174 praesertim
1255 2111 1326 2153 cnm
1348 2087 1488 2155 Catullus
1517 2088 1623 2172 paullo
1653 2097 1727 2154 ante
1753 2091 1883 2155 eandem
1910 2091 2064 2158 Venerem

228 2189 351 2254 dulcem
372 2189 549 2254 amaritiem
571 2190 653 2254 curis
681 2191 810 2256 miscere
832 2190 925 2256 dicat.
971 2190 1007 2256 ld
1029 2197 1134 2255 tuanen
1155 2211 1339 2274 persuasum
1360 2190 1474 2267 habeo,
1496 2213 1559 2255 non
1581 2190 1675 2255 licere
1696 2190 1788 2256 huius
1809 2192 1993 2259 imitationis
2015 2196 2063 2260 in·
2112 2249 2115 2257 .

228 2291 430 2377 vestigandae
452 2291 543 2356 nimis
565 2291 715 2376 cupidum
736 2301 849 2376 poetae
869 2292 940 2378 plns
963 2293 1114 2378 affingere
1141 2291 1227 2356 velut
1250 2286 1377 2356 Vossius
1398 2291 1430 2354 in
1453 2313 1559 2356 versu:
1583 2281 1667 2368 „noc
1696 2300 1820 2358 tantum
1842 2280 1933 2358 ιιιιιο
1955 2298 2065 2380 gavisa

228 2399 275 2458 est
296 2393 361 2458 nlla
383 2392 545 2458 columba*
567 2415 625 2478 pro
648 2394 713 2458 nlla
735 2394 885 2458 vacabulo
907 2394 1026 2478 pullam
1047 2393 1211 2478 legendam
1233 2416 1298 2458 esse
1319 2393 1459 2477 putavit,
1488 2413 1559 2457 curn
1587 2393 1720 2458 historia
1749 2395 1900 2460 naturalis
1929 2397 2063 2476 doceret,

227 2493 329 2576 pullas
351 2495 511 2559 columbas
532 2517 604 2560 cnm
625 2495 704 2560 albis
725 2494 918 2580 improbiora
939 2495 1045 2559 oscula
1070 2496 1237 2579 decerpere
1259 2515 1353 2576 qnam
1374 2493 1511 2558 eiusdem
1534 2494 1662 2559 coloris!

242 2661 246 2672 ,
311 2594 411 2660 Ροιτο
433 2595 466 2659 in
487 2595 646 2680 legibus
669 2618 794 2679 quoqne
816 2596 994 2661 metricis
1015 2595 1173 2660 Catullum
1195 2595 1477 2660 Alexandrinorum
1499 2596 1656 2661 aemulum
1677 2596 1771 2660 inisse
1785 2596 1922 2681 primurn
1945 2621 2064 2684 coguo-

227 2693 326 2759 scitnr
347 2696 380 2760 in
402 2696 530 2762 vitanda
550 2697 605 2762 illa
626 2720 753 2763 caesura
775 2705 847 2782 post
880 2696 1010 2762 tertium
1032 2696 1205 2762 hexametri
1227 2695 1423 2772 trochaeum,
1456 2719 1550 2779 quam
1573 2697 1662 2778 quasi
1694 2697 1867 2761 molliorem
1895 2699 1958 2763 iarn
1980 2707 2066 2766 vete-

226 2818 276 2864 res
297 2797 489 2862 Graecorum
511 2807 624 2885 poetae
645 2800 745 2864 rarius
765 2799 815 2863 vel
837 2799 892 2864 ubi
913 2799 1055 2864 consulto
1078 2800 1271 2881 quaerebant
1299 2819 1499 2862 numerorum
1532 2800 1688 2881 quandam
1721 2799 1884 2864 mollitiem
1916 2802 2064 2886 permise-

227 2906 315 2974 rant,
341 2897 544 2964 Alexandrini
566 2923 655 2978 vero,
677 2900 795 2987 qnippe
822 2900 1000 2984 quiessent
1021 2900 1119 2984 magis
1141 2901 1365 2964 versificatores
1388 2921 1482 2982 qnam
1502 2905 1628 2985 poetae,
1661 2923 1788 2985 prorsus
1810 2901 2063 2986 repudiaverunt,

228 3009 296 3064 tum
318 2999 351 3064 in
372 3001 512 3067 versibus
534 3002 709 3088 spondaicis
730 3001 908 3087 saepissime
929 3001 1077 3066 adhibitis
1109 3009 1250 3087 apparet.
1301 3002 1497 3084 Quamquam
1530 3002 1611 3067 enirn
1635 3002 1744 3088 lingua
1771 3002 1884 3067 Latina
1910 3026 1969 3087 pro
1991 3027 2065 3090 gra-

227 3100 340 3178 vitate,
363 3124 443 3185 qnae
464 3103 498 3167 in
519 3103 573 3168 illa
593 3104 767 3189 praevalet,
788 3127 808 3168 a
830 3111 944 3168 natura
970 3103 1039 3187 ipss
1060 3104 1099 3184 ad
1121 3102 1275 3187 spondeos
1302 3102 1402 3188 magis
1424 3103 1571 3188 proclivis
1592 3111 1640 3168 cst
1661 3125 1755 3186 quam
1778 3105 1818 3168 ad
1841 3104 1996 3187 dactylos,
2018 3111 2066 3170 ta-

227 3225 298 3268 men
322 3210 434 3288 poetae
455 3205 489 3270 in
510 3205 698 3270 hexametris
720 3205 941 3291 componendis
963 3205 1065 3290 legem
1086 3203 1256 3289 spondeis
1277 3203 1387 3286 quinto
1409 3205 1489 3288 pede
1510 3205 1693 3270 excludendi
1715 3228 1734 3270 a
1755 3204 1882 3270 Graecis
1905 3214 2063 3292 acceptam

229 3313 381 3388 qnantum
414 3312 563 3390 poterant
584 3307 801 3372 observabant.
847 3307 987 3372 Catullus
1015 3327 1089 3370 vero
1111 3306 1276 3370 obsecutus
1298 3305 1514 3370 Alexandrinis
1537 3327 1575 3370 ne
1596 3306 1630 3370 in
1656 3329 1693 3371 ea
1719 3306 1845 3388 quidem
1873 3329 1908 3370 re
1935 3313 2065 3374 naturae

226 3427 300 3470 snae
321 3406 471 3472 novitatis
490 3409 649 3474 studiosae
670 3408 776 3474 oblitis
799 3409 898 3492 (velut
920 3407 950 3472 in
978 3407 1081 3492 primo
1112 3407 1292 3472 Callimachi
1323 3406 1440 3490 hymno
1461 3407 1545 3471 inter
1567 3408 1739 3492 nonaginta
1759 3430 1812 3472 sex
1845 3429 1950 3472 versus
1973 3419 2066 3491 quat-

227 3508 401 3574 tuordecim
421 3508 624 3574 inveniuntur
644 3510 818 3594 spondaici)
840 3509 926 3574 illam
946 3509 1048 3594 legem
1070 3509 1163 3574 toties
1185 3509 1331 3593 neglexit,
1353 3517 1390 3573 nt
1419 3509 1561 3573 consulto
1583 3531 1640 3574 nec
1662 3508 1878 3594 imprudenter
1909 3533 1977 3574 eam
1999 3512 2066 3575 vio-

227 3609 306 3676 lasse
327 3611 484 3694 pntandns
506 3611 558 3676 sit.
594 3611 686 3688 Quod
707 3611 823 3695 siquis
845 3618 983 3688 censeat,
1005 3609 1164 3675 Catullum
1184 3633 1256 3674 cum
1275 3618 1343 3674 arte
1372 3611 1509 3675 nondum
1531 3610 1606 3674 satis
1633 3611 1758 3675 firmata
1786 3611 1962 3677 durioribus
1992 3637 2064 3678 usus

227 3720 308 3776 esset
328 3712 465 3776 numeris
488 3719 557 3777 tum
578 3713 723 3796 spondeis
745 3735 870 3798 quoqne
892 3719 1002 3777 contra
1023 3712 1125 3797 legem
1146 3711 1249 3776 locum
1271 3711 1373 3776 facere
1388 3718 1532 3776 coactum
1555 3733 1634 3788 esse,
1657 3719 1767 3776 contra
1788 3713 1868 3777 hano
1884 3714 2062 3798 opinionem

227 3812 303 3876 dicit
324 3812 502 3891 Lucretius,
531 3814 587 3897 qni
607 3822 710 3882 aetate
732 3816 781 3880 vel
802 3815 891 3901 prior
913 3814 1035 3880 Catullo
1057 3813 1126 3879 illos
1148 3822 1254 3880 tamen
1277 3821 1343 3878 tam
1365 3835 1437 3878 rare
1458 3811 1597 3890 admisit,
1624 3820 1662 3877 nt
1683 3813 1735 3877 rix
1755 3813 1840 3878 inter
1859 3815 1984 3901 singula
2006 3818 2065 3880 mi·

226 3914 269 3980 lia
289 3937 435 3980 versuum
456 3937 545 3980 senos
566 3925 750 4002 septenosve
771 3917 955 4001 spondaicos
977 3916 1129 4000 reperies,
1152 3940 1191 3981 an
1213 3916 1392 4002 putabimus
1420 3914 1509 3977 illurn
1531 3914 1718 3978 deteriorem
1741 3937 1887 3980 remunm
1908 3918 2061 3984 artificem

226 4016 320 4081 fnisse
342 4038 437 4100 qnam
458 4017 659 4083 Lucretium?
703 4018 835 4082 Accedit
856 4017 940 4100 qnod
962 4018 1103 4082 Catullus
1130 4017 1197 4104 ipse
1223 4041 1256 4082 se
1279 4039 1403 4100 quoque
1432 4016 1534 4101 legem
1564 4016 1730 4081 observare
1757 4017 1896 4102 potuisse
1925 4020 2063 4084 ostendit
2180 4101 2185 4110 η

228 4119 365 4184 carmine
387 4120 444 4196 62,
465 4119 499 4184 in
521 4142 583 4202 quo
605 4119 780 4205 spondaicia
802 4141 929 4204 prorsus
951 4119 1112 4183 abstinuit.

317 4219 549 4306 proprietatnm
572 4245 651 4305 qnae
673 4229 837 4305 praeterea
857 4221 890 4284 in
911 4219 1018 4305 elegiis
1034 4220 1216 4285 Catulliania
1237 4221 1440 4286 inveniuntur
1461 4239 1629 4302 earumque
1651 4219 1786 4284 maxima
1807 4243 1844 4284 ex
1865 4226 1956 4306 parte
1975 4243 2063 4306 aspe-

227 4321 359 4385 ritatum
381 4343 491 4389 causae
512 4325 629 4409 partim
650 4323 748 4388 aetati
771 4345 833 4405 qua
847 4329 941 4407 poeta
962 4321 1041 4386 vixit
1061 4322 1178 4407 partim
1200 4322 1333 4387 novitati
1355 4320 1528 4386 carminum
1548 4321 1672 4405 generis
1694 4322 1734 4386 ab
1757 4343 1794 4386 eo
1809 4321 1911 4406 primo
1927 4324 2062 4406 expressi

229 4423 413 4488 tribuendae
434 4433 516 4490 sunt.
561 4428 667 4510 Atque
688 4425 721 4489 iu
743 4432 878 4490 aetatem
901 4422 1026 4507 quidem
1049 4424 1163 4489 Catulli
1193 4423 1303 4488 incidit
1324 4423 1379 4488 illa
1399 4429 1573 4487 memoratu
1596 4422 1777 4508 dignissima
1804 4423 1966 4487 literarum
1988 4447 2062 4488 con-

229 4525 346 4602 versio,
369 4548 432 4608 qna
452 4527 573 4592 factum
595 4537 656 4606 est,
677 4535 715 4592 ιιι
735 4526 836 4612 poesis
857 4549 875 4591 a
897 4525 1000 4612 rigida
1026 4527 1211 4611 plerumque
1233 4533 1265 4590 et
1287 4525 1358 4590 rudi
1380 4511 1568 4608 antiquitate
1590 4525 1631 4588 ad
1651 4547 1768 4590 norum
1795 4545 1928 4606 eumque
1955 4525 2064 4590 melio-

228 4651 295 4693 rem
315 4635 435 4695 statum
456 4629 715 4714 progrederetur,
744 4650 806 4712 quo
828 4627 929 4692 <aratio
958 4629 1061 4693 solnta
1083 4628 1240 4693 Ciceronis
1268 4627 1465 4713 potissimum
1492 4649 1587 4712 opera
1608 4626 1671 4690 iam
1692 4626 1857 4712 praeierat.
1902 4625 1989 4690 Inter
2011 4649 2063 4692 eos

228 4739 353 4816 poetas,
376 4730 430 4814 qui
452 4730 534 4794 hunc
555 4753 756 4818 progressum
778 4739 932 4814 quantum
953 4735 1102 4814 poteraut
1124 4731 1329 4807 amovebant,
1352 4730 1493 4796 Catullus
1515 4728 1641 4812 quidem
1664 4734 1726 4804 est,
1754 4750 1856 4810 neque
1877 4733 1982 4792 tamen
2003 4729 2063 4794 sibi

229 4841 374 4898 constans
396 4855 519 4917 semper
540 4832 572 4896 in
595 4831 654 4896 hoc
675 4833 778 4897 studio
800 4832 1025 4916 perseveravit,
1045 4833 1098 4898 sed
1120 4833 1242 4918 saepius
1264 4834 1305 4898 ad
1326 4832 1494 4919 pristinum
1521 4837 1640 4896 statum
1661 4830 1798 4913 relapsus
1821 4837 1877 4895 est.
1922 4830 2063 4906 Quanto-

229 4957 304 5020 pere
325 4943 431 5000 autem
452 4955 551 4998 novae
571 4933 619 4997 illi
639 4933 754 4998 rationi
781 4935 1000 5018 voluntatique
1029 4935 1133 5000 animo
1164 4935 1279 5000 faverit
1299 4935 1368 5022 ipsa
1399 4933 1681 4999 Alexandrinorum
1712 4929 1887 4995 imitatione
1919 4939 2063 5012 testatur,

230 5061 292 5121 qna
314 5037 347 5102 in
368 5061 403 5102 re
424 5037 478 5102 illa
497 5036 631 5102 maxime
653 5033 802 5100 cernitur.
845 5037 935 5101 Adde
963 5039 1047 5120 quod
1079 5038 1237 5102 elisionem
1258 5039 1367 5103 literae
1389 5035 1529 5102 exeuntis
1550 5057 1580 5110 s,
1602 5033 1688 5096 cuius
1710 5034 1852 5118 exempla
1871 5034 1905 5098 ιιι
1927 5035 2063 5101 carmine

228 5139 367 5205 Lucretii
388 5146 421 5204 et
439 5139 472 5204 iu
493 5139 590 5225 ipsius
612 5137 768 5204 Ciceronis
790 5140 891 5204 multa
911 5139 1130 5218 inveniuntur,
1151 5163 1214 5204 uno
1236 5141 1304 5205 loco
1327 5141 1411 5222 (116,
1434 5141 1467 5223 8)
1495 5143 1625 5222 excepto
1648 5157 1809 5219 nunquam
1830 5135 1889 5200 sibi
1911 5139 2063 5222 permisit,

229 5244 470 5310 alliterationem
502 5264 592 5319 vero,
620 5241 706 5306 onius
733 5239 837 5306 studio
860 5250 964 5308 totum
996 5243 1160 5327 antiquum
1182 5264 1354 5307 sermonem
1375 5240 1522 5305 Latinum
1544 5241 1589 5305 ita
1611 5241 1759 5304 allectum
1781 5238 1936 5318 videmus,
1969 5249 2005 5304 ιιι
2027 5263 2064 5306 ea

1845 5338 1861 5389 2
