4726 5954
1198 427 1219 492 4

1110 519 1163 525 —...
1203 517 1312 524 --4-—u-

294 631 455 716 praestitit
474 631 547 698 inde
568 631 689 698 animus
711 631 791 708 eius,
812 632 852 697 ad
874 653 967 714 quem
988 631 1145 708 scribitur,
1167 653 1230 696 non
1251 630 1417 710 minorem,
1439 631 1558 716 quippe
1578 632 1823 717 inexspectatam
1837 634 2037 718 voluptatem
2058 634 2122 699 lor·

293 741 376 798 tasse
395 733 480 818 cepit
501 757 597 818 quam
618 733 754 798 cuiusvis
775 731 910 798 lectoris.
955 732 1017 798 Sed
1038 732 1093 815 qui
1113 731 1193 797 banc
1216 731 1370 817 poeticam
1393 731 1581 819 elegantiam
1603 755 1790 820 cognoscere
1812 734 1861 800 vel
1883 757 2050 820 agnoscere
2063 757 2121 800 no·

293 835 378 914 lunt,
399 833 611 911 meminerint,
632 833 857 920 grammaticae
878 841 1002 899 tanturn
1031 833 1152 919 legibus
1174 834 1325 920 neglectis
1348 842 1514 918 utramque
1535 843 1658 920 partem
1679 858 1698 900 a
1719 833 1843 902 Catullo
1866 836 1971 920 paullo
1994 835 2120 901 liberius

293 936 491 1001 coniunctam
513 958 593 1014 esse,
614 935 840 1001 sententiarum
861 959 936 1002 vero
958 935 1189 1020 copulationem
1210 935 1300 1000 laoile
1321 935 1454 1000 inveniri
1475 957 1578 1020 posse:
1608 935 1728 1014 „Ultr0,
1749 935 1853 1020 inquit
1874 943 1972 1022 poeta
1993 938 2036 1019 (v.
2057 939 2121 1020 40),

293 1037 446 1104 deferrem
473 1037 533 1102 tibi
560 1060 690 1103 munera
718 1059 798 1121 quac
825 1037 920 1122 petis,
945 1035 971 1100 si
999 1035 1067 1101 fieri
1088 1044 1208 1120 posset;
1241 1059 1313 1101 nam
1336 1075 1375 1092 -·-
1397 1037 1488 1102 l'acile
1514 1037 1587 1102 eddi
1614 1045 1719 1122 potest
1739 1076 1781 1086 -
1803 1038 1883 1102 banc
1904 1037 2040 1124 gratiam
2063 1038 2122 1102 tibi

292 1131 405 1215 debeo,
425 1139 558 1204 reticere
579 1139 662 1204 enim
684 1161 747 1204 non
768 1145 912 1224 pcssum“
934 1145 967 1203 et
988 1159 1068 1220 quae
1089 1144 1273 1220 sequuntur.
1317 1139 1408 1215 Quod
1430 1159 1504 1202 vero
1527 1145 1621 1222 poeta
1643 1139 1722 1204 banc
1745 1139 1869 1222 planam
1891 1139 2118 1205 sententiarum

291 1239 559 1305 continuationem
582 1263 645 1306 non
665 1240 741 1306 satis
763 1247 907 1306 accurate
927 1238 1090 1316 indicavit,
1118 1239 1237 1305 vitione
1258 1239 1286 1304 ei
1307 1239 1367 1304 boc
1388 1239 1561 1304 tribuemus
1583 1246 1616 1304 et
1636 1241 1677 1304 ob
1699 1241 1779 1304 banc
1801 1240 2025 1326 negligentiam
2048 1262 2120 1306 eum

292 1342 392 1428 magis
413 1340 660 1426 vituperabimus
683 1365 777 1426 quam
798 1340 1014 1426 Propertium,
1036 1339 1092 1422 qui
1112 1341 1245 1426 elegiam
1268 1340 1292 1418 l,
1313 1341 1333 1404 8
1354 1339 1398 1404 sic
1419 1363 1507 1406 orsus
1529 1349 1591 1405 est:

959 1440 1065 1520 ,Turne
1085 1441 1220 1527 igitur
1242 1442 1367 1507 demens
1388 1449 1447 1508 eto.

293 1552 325 1610 et
346 1544 439 1610 aliam
460 1544 507 1627 (l,
531 1545 599 1629 17):

982 1629 1032 1694 Et
1053 1626 1182 1716 merito,
1203 1627 1349 1712 quoniam
1371 1635 1430 1694 etc.

291 1728 365 1794 Non
384 1729 484 1794 minus
506 1728 565 1794 riri
587 1729 672 1795 docti
692 1730 726 1796 in
753 1731 969 1796 aestimatione
991 1729 1109 1815 elegiae
1135 1727 1330 1794 dissentiunt.
1375 1727 1452 1794 Curu
1474 1727 1631 1812 Gruppio,
1660 1737 1697 1792 ut
1718 1729 1780 1794 lam
1801 1751 1897 1812 supra
1918 1730 1997 1807 dixi,
2019 1729 2117 1794 inter-

291 1830 443 1915 polatoris
464 1831 624 1896 cuiusdam
654 1853 732 1916 opus
753 1832 898 1898 videatur
924 1855 989 1898 esse
1011 1853 1073 1915 quo
1107 1831 1185 1896 nibil
1211 1851 1351 1913 unquam
1379 1829 1470 1894 vilius
1491 1829 1644 1914 scripturn
1665 1829 1720 1908 sit,
1751 1830 2004 1915 Westphalius¹l
2025 1837 2119 1915 putat

290 1931 542 1998 artificiosissime
563 1953 630 1997 eam
645 1933 850 2019 compositam
873 1955 937 1999 esse
964 1933 1136 1999 carminum
1164 1931 1401 1996 Pindarieorum
1429 1931 1570 2016 exemplo
1597 1931 1644 1998 ita
1670 1939 1707 1997 ut
1734 1938 1894 2013 προοίμιον
1920 1933 2118 1998 contineatur

290 2034 430 2100 versibus
452 2031 682 2116 41-50,dpm'
705 2056 749 2101 vs.
771 2036 905 2114 51-72,
924 2032 1102 2118 xarurponq'
1118 2056 1163 2098 vs·
1180 2034 1313 2110 73-86,
1335 2031 1487 2116 d'pspuloc
1502 2034 1657 2108 87-100,
1671 2039 1942 2116 prcruxurcrpcrrq‘
1955 2057 1999 2098 vs.
2019 2035 2120 2099 101-

293 2137 362 2214 130,
385 2141 516 2219 σφραγίς
538 2157 581 2201 vs.
607 2137 787 2212 131-148,
809 2136 946 2219 ἐπίλογος
966 2159 1011 2201 vs.
1036 2137 1217 2210 149-160,
1240 2156 1372 2218 quarum
1393 2135 1531 2220 partium
1553 2157 1616 2213 eae,
1638 2157 1718 2219 quae
1746 2136 1882 2200 medium
1902 2137 1952 2201 vel
1973 2135 2120 2216 δ’μοολον

289 2236 499 2314 circumdant,
528 2243 714 2324 argumento
744 2236 803 2302 sibi
836 2239 1055 2322 respondeant.
1100 2235 1230 2314 Verum,
1262 2235 1295 2300 ni
1315 2237 1423 2313 fallor,
1454 2245 1491 2302 ut
1511 2236 1688 2322 saepissime
1718 2237 1752 2302 in
1784 2237 1884 2304 medio
1907 2245 1963 2302 est.
2008 2237 2120 2302 Insunt

290 2339 372 2402 enim
393 2339 427 2404 in
447 2338 507 2404 hoc
528 2339 665 2405 carmine
686 2338 790 2406 omnia
810 2338 864 2404 illa
885 2338 976 2416 vitia,
998 2359 1078 2422 quae
1100 2360 1117 2402 e
1138 2337 1239 2422 poesis
1260 2337 1487 2404 Alexandrinae
1508 2337 1676 2404 imitandae
1704 2340 1807 2404 studio
1836 2340 2006 2424 repetenda
2037 2345 2119 2414 sunt,

290 2461 391 2524 neque
412 2447 520 2504 tamen
544 2441 656 2506 desunt
677 2439 811 2528 vestigia
830 2439 1072 2524 pulchritudinis
1094 2446 1127 2504 et
1149 2439 1338 2518 venustatis,
1360 2440 1447 2505 ouius
1469 2439 1609 2506 Catullus
1632 2462 1759 2524 compos
1780 2449 1862 2518 erat,
1883 2441 1938 2506 ubi
1960 2463 2050 2506 suum
2070 2440 2120 2524 ip-

289 2540 352 2606 sius
373 2540 534 2628 ingenium
554 2543 752 2626 sequebatur.
796 2540 841 2606 Ut
862 2541 998 2626 primum
1019 2542 1057 2606 de
1079 2539 1162 2605 vitiis
1192 2539 1294 2605 dicam
1315 2541 1502 2606 offendimur
1522 2539 1613 2606 initio
1629 2543 1879 2624 quattuordecim
1895 2564 2040 2608 versuum
2062 2565 2117 2626 pe·

289 2641 393 2720 riodo,
415 2665 495 2726 quae
518 2644 659 2726 quamvis
681 2651 747 2709 tam
768 2644 862 2730 plana
884 2665 919 2708 ao
941 2643 1106 2728 perspicua
1132 2641 1186 2719 sit,
1213 2648 1251 2707 ut
1272 2667 1311 2708 ne
1333 2643 1488 2728 optimum
1510 2642 1635 2724 (pridem
1657 2651 1814 2708 oratorem
1843 2644 1910 2708 eius
1938 2644 2118 2728 pudendum

289 2743 344 2820 sit,
366 2751 472 2809 tamen
494 2768 513 2809 a
534 2745 621 2828 poesi
642 2753 707 2812 tam
729 2745 830 2810 ebena
851 2751 899 2810 est
920 2767 1015 2827 quam
1036 2744 1213 2809 orationum
1242 2744 1379 2832 propria.
1424 2743 1534 2826 Neque
1556 2751 1661 2809 tamen
1688 2745 1788 2830 elegia
1815 2747 1931 2812 idcirco
1953 2747 1986 2810 in
2007 2769 2116 2811 eorum

290 2845 463 2912 camninum
484 2868 613 2911 numero
635 2847 798 2912 referenda
819 2853 879 2925 est,
902 2867 981 2929 quae
1002 2845 1200 2931 grammatici
1222 2845 1403 2930 posterioris
1425 2845 1537 2910 aetatis
1558 2845 1590 2908 in
1612 2845 1723 2910 scholis
1746 2857 2007 2932 composuerunt,
2029 2855 2065 2912 ut
2087 2854 2119 2913 et

289 2946 349 3031 ipsi
370 2970 403 3010 se
425 2953 604 3012 exercerent
625 2947 788 3013 scribendo
817 2955 850 3014 et
877 2947 1019 3031 exempla
1050 2953 1263 3031 proponerent
1285 2945 1457 3031 discipulis,
1489 2947 1543 3010 sed
1565 2969 1627 3032 quo
1649 2952 1790 3032 ternpore
1820 2949 2017 3034 scriptasit,
2051 2949 2118 3033 ipsa

288 3047 462 3113 luculenter
484 3048 560 3112 mibi
581 3049 705 3114 videtur
726 3049 948 3114 demonstrare.
991 3048 1075 3113 Fieri
1096 3048 1179 3114 enim
1209 3071 1272 3113 uon
1294 3047 1414 3132 potuit,
1447 3048 1523 3132 quin
1545 3048 1663 3132 poesis,
1693 3049 1810 3134 quippe
1840 3051 1977 3115 nondum
2000 3051 2117 3126 adulta,

161 3179 164 3184 ·
289 3155 473 3234 tangeretur
494 3157 562 3216 arte
583 3151 754 3228 rhetorica,
777 3174 857 3234 quae
877 3158 944 3216 tum
967 3149 1163 3235 potissimum
1185 3148 1340 3215 Ciceronis
1362 3148 1495 3214 maxime
1517 3159 1550 3216 et
1565 3149 1723 3216 Hortensii
1738 3173 1834 3234 opera
1854 3152 2002 3229 florebat,
2025 3175 2116 3236 prae·

288 3250 395 3318 sertim
418 3272 489 3316 cum
512 3251 690 3318 Atticorum
711 3253 895 3318 salubritate
916 3257 1022 3336 spreta
1044 3250 1325 3316 Alexandrinorum
1352 3252 1527 3335 exemplum
1556 3260 1754 3335 sequeretur,
1783 3253 1836 3336 qui
1867 3263 1903 3318 ut
1932 3253 2046 3318 nullius
2069 3254 2115 3318 di-

287 3353 436 3437 sciplinae
454 3352 501 3418 ita
527 3375 566 3418 ne
587 3353 762 3419 rhetoricae
789 3353 914 3438 quidem
947 3359 1130 3418 ornamenta
1154 3352 1413 3438 repudiaverunt,
1447 3353 1560 3437 quibus
1587 3353 1695 3438 poesin
1722 3354 1793 3418 fuco
1827 3353 1914 3436 quasi
1947 3353 2113 3423 illinerent.

288 3454 382 3520 Cuius
403 3455 499 3520 studii
527 3455 630 3520 neseio
657 3477 699 3521 an
726 3451 827 3520 dicam
855 3453 924 3519 vitii
956 3454 1098 3538 exempla
1125 3461 1175 3519 tot
1202 3454 1340 3519 offerunt
1366 3445 1484 3541 elegiae
1510 3455 1716 3531 Catulliauae,
1749 3461 1785 3520 ut
1807 3455 1857 3518 hio
1877 3477 1914 3520 ea
1935 3478 2117 3522 enumerare

287 3556 417 3642 longum
437 3556 487 3621 sit.
530 3555 632 3622 Multo
654 3561 758 3623 autem
780 3556 879 3642 magis
901 3555 1063 3641 perspicue
1085 3561 1278 3640 quantopere
1300 3555 1439 3620 Catullus
1461 3579 1498 3622 ex
1521 3556 1735 3622 Alexandrinis
1759 3556 1893 3640 pendeat
1915 3558 2116 3644 cognoscitur

286 3658 320 3723 in
341 3658 485 3723 carminis
506 3659 605 3724 nostri
628 3658 870 3746 digressionibus
892 3663 924 3722 et
945 3657 1243 3740 comparationibus,
1265 3679 1345 3740 quae
1367 3679 1437 3722 eum
1467 3657 1556 3740 quasi
1577 3659 1710 3723 oblitum
1737 3651 1799 3740 quo
1829 3659 1906 3725 velit
1933 3659 2047 3724 iterum
2069 3665 2116 3723 at·

288 3781 349 3842 que
371 3758 485 3824 iterum
509 3760 547 3825 de
566 3761 744 3846 proposito,
767 3760 851 3844 quod
873 3765 920 3824 est
940 3758 1078 3824 laudatio
1100 3758 1193 3836 Allii,
1213 3765 1383 3824 revocant.¹
1417 3757 1548 3824 Orditur
1570 3759 1695 3843 quidem
1720 3759 1859 3825 Catullus
1887 3760 2027 3844 exemplo
2051 3759 2117 3842 epi-

287 3881 394 3926 corum
416 3862 456 3926 ab
477 3862 665 3928 allocutione
686 3883 853 3938 musarum,
874 3861 928 3926 sed
949 3860 1087 3926 deflectit
1107 3885 1126 3925 a
1146 3867 1288 3925 veterum
1309 3883 1376 3938 usu,
1399 3861 1482 3944 quod
1505 3883 1568 3926 non
1588 3860 1715 3926 invocat
1742 3883 1860 3939 musas,
1885 3868 1922 3925 ut
1948 3859 2007 3924 sibi
2035 3881 2115 3942 quae

287 3971 380 4028 canat
401 3962 569 4044 subiciant,
591 3966 645 4030 sed
666 3987 698 4030 se
719 3963 821 4048 ipsum
843 3963 904 4027 illis
933 3968 1113 4028 narrantem
1138 3961 1215 4027 facit
1241 3962 1353 4027 ceteris
1380 3961 1558 4028 hominibus
1588 3962 1769 4028 nuntianda
1813 3962 1903 4039 Quod
1925 3982 2115 4044 quamquam

286 4089 305 4130 a
328 4063 450 4130 Catullo
473 4087 536 4130 non
555 4065 717 4132 inventum
739 4072 787 4130 cst
807 4064 860 4129 sed
889 4064 953 4129 iam
981 4065 1021 4129 ab
1049 4065 1217 4148 Apollonio
1247 4064 1369 4128 Rhodio
1398 4064 1562 4144 usitatum,
1589 4065 1644 4148 qui
1672 4063 1814 4128 similiter
1840 4085 1941 4126 rnusos
1970 4061 2118 4128 hortatur

287 4165 417 4249 (1,20):

778 4270 846 4332 Νῦν
868 4266 935 4331 ὸ“ἂν
956 4265 1014 4351 ἐγὼ
1035 4264 1135 4350 γενεήν
1157 4291 1188 4330 τε
1210 4269 1260 4329 καὶ
1284 4265 1405 4346 osi'ropu
1426 4269 1632 4348 psobqocr'pqv

842 4365 979 4453 ‘lipsiae
1004 4393 1036 4433 ss
1059 4367 1172 4448 πόρους
1195 4367 1278 4446 ἁλός,
1302 4367 1380 4434 ὅσσα
1402 4367 1430 4430 ι’
1453 4369 1558 4451 ἴρεξον

699 4469 904 4552 Πλοζόμενοι.
949 4473 1110 4536 Maricas
1133 4471 1160 4532 δ’
1184 4467 1432 4554 ὑποφήτορες
1454 4462 1537 4534 εἶεν
1559 4470 1702 4550 ἀοιδῆς.

286 4579 392 4636 tamen
412 4592 476 4636 non
498 4578 546 4636 est
567 4571 756 4655 quaesitum,
778 4574 864 4639 velut
885 4574 925 4639 ab
947 4571 1156 4639 Alexandrino
1178 4571 1232 4636 illo
1254 4570 1403 4636 novitatis
1426 4570 1573 4636 nimirum
1600 4593 1706 4648 eausa,
1732 4570 1800 4646 sed,
1828 4568 1974 4652 quoniam
2008 4567 2116 4632 Catul-

286 4673 334 4736 lus
356 4680 539 4740 narraturus
560 4679 608 4738 est
630 4697 693 4738 non
715 4675 800 4758 quod
824 4675 919 4740 fando
952 4675 1073 4742 audivit
1093 4674 1147 4739 sed
1170 4673 1253 4756 quod
1285 4671 1345 4738 sibi
1372 4672 1499 4750 accidit,
1533 4672 1657 4758 reipsa
1677 4671 1930 4737 commendatum
1962 4675 1995 4734 et
2016 4690 2115 4753 paene

286 4781 498 4860 praeceptum.
542 4775 623 4839 'lbrm
644 4783 738 4861 poeta
759 4782 795 4842 ut
815 4777 981 4856 describat,
1002 4799 1040 4842 ex
1062 4782 1181 4862 quanta
1201 4775 1325 4841 miseria
1338 4775 1414 4840 Allii
1435 4797 1532 4860 opera
1545 4782 1671 4859 areptus
1692 4774 1748 4852 sit,
1770 4773 1871 4838 tribus
1885 4770 1988 4837 utitur
2009 4792 2112 4835 exem-

286 4875 361 4960 pl'u,
385 4897 519 4959 (quorum
540 4877 601 4942 duo
624 4877 737 4946 amoris
759 4879 917 4958 ardorem,
946 4878 1076 4944 tertium
1096 4877 1160 4943 rim
1182 4877 1381 4944 lacrimarum
1401 4877 1553 4954 illustrat,
1575 4885 1608 4942 et
1628 4899 1720 4942 versu
1755 4877 1796 4942 63
1817 4875 1879 4940 iam
1907 4873 1946 4938 ad
1973 4870 2115 4956 proposi·

286 4983 355 5042 tum
376 4977 533 5041 rediturus
555 4985 702 5061 quartum
725 4980 826 5058 addit,
849 5003 912 5062 quo
934 4981 1089 5064 perditam
1110 5000 1199 5044 suam
1218 4979 1428 5044 conditionem
1448 4978 1675 5062 complectitur.
1719 4976 1840 5042 Deinde
1861 4981 2028 5060 postquam
2043 4973 2114 5037 bre-

340 5215 367 5284 1)
388 5216 415 5268 in
433 5215 504 5268 libro
522 5215 568 5284 qui
586 5215 753 5268 inscribitur:
788 5215 911 5278 ‚,Catullr
929 5215 1061 5268 Gediobte
1078 5214 1107 5268 in
1125 5215 1210 5268 ibrenr
1228 5213 1453 5282 geschichtlioben
1471 5211 1704 5276 Znsanrorenbang
1722 5209 1859 5264 iibersetzt
1876 5209 1931 5263 uad
1948 5207 2085 5262 erliiutert
